%% This BibTeX bibliography file was created using BibDesk.
%% http://bibdesk.sourceforge.net/


%% Created for Riccardo Torre at 2018-11-22 10:47:25 +0100


%% Saved with string encoding Unicode (UTF-8)


@comment{jabref-meta: databaseType:bibtex;}



@article{Liu:2018wte,
	Archiveprefix = {arXiv},
	Author = {Liu, Jia and Liu, Zhen and Wang, Lian-Tao},
	Eprint = {1805.05957},
	Primaryclass = {hep-ph},
	Reportnumber = {FERMILAB-PUB-18-173-T, EFI-18-7},
	Slaccitation = {%%CITATION = ARXIV:1805.05957;%%},
	Title = {{Long-lived particles at the LHC: catching them in time}},
	Year = {2018}}

@article{Andersson:1983ia,
	Author = {Andersson, Bo and Gustafson, G. and Ingelman, G. and Sjostrand, T.},
	Doi = {10.1016/0370-1573(83)90080-7},
	Journal = {Phys. Rept.},
	Pages = {31-145},
	Reportnumber = {LU-TP-83-10},
	Slaccitation = {%%CITATION = PRPLC,97,31;%%},
	Title = {{Parton Fragmentation and String Dynamics}},
	Volume = {97},
	Year = {1983},
	Bdsk-Url-1 = {https://doi.org/10.1016/0370-1573(83)90080-7}}

@article{Klimek:inprep,
	Author = {M.~Klimek},
	Title = {In preparation}}

@article{Sjostrand:2014zea,
	Archiveprefix = {arXiv},
	Author = {Sj{\"o}strand, Torbj{\"o}rn and Ask, Stefan and Christiansen, Jesper R. and Corke, Richard and Desai, Nishita and Ilten, Philip and Mrenna, Stephen and Prestel, Stefan and Rasmussen, Christine O. and Skands, Peter Z.},
	Doi = {10.1016/j.cpc.2015.01.024},
	Eprint = {1410.3012},
	Journal = {Comput. Phys. Commun.},
	Pages = {159-177},
	Primaryclass = {hep-ph},
	Reportnumber = {LU-TP-14-36, MCNET-14-22, CERN-PH-TH-2014-190, FERMILAB-PUB-14-316-CD, DESY-14-178, SLAC-PUB-16122},
	Slaccitation = {%%CITATION = ARXIV:1410.3012;%%},
	Title = {{An Introduction to PYTHIA 8.2}},
	Volume = {191},
	Year = {2015},
	Bdsk-Url-1 = {https://doi.org/10.1016/j.cpc.2015.01.024}}

@article{Strassler:2006im,
	Archiveprefix = {arXiv},
	Author = {Strassler, Matthew J. and Zurek, Kathryn M.},
	Doi = {10.1016/j.physletb.2007.06.055},
	Eprint = {hep-ph/0604261},
	Journal = {Phys. Lett.},
	Pages = {374-379},
	Primaryclass = {hep-ph},
	Slaccitation = {%%CITATION = HEP-PH/0604261;%%},
	Title = {{Echoes of a hidden valley at hadron colliders}},
	Volume = {B651},
	Year = {2007},
	Bdsk-Url-1 = {https://doi.org/10.1016/j.physletb.2007.06.055}}

@article{Mrazek:2011iu,
	Archiveprefix = {arXiv},
	Author = {Mrazek, J. and Pomarol, A. and Rattazzi, R. and Redi, M. and Serra, J. and Wulzer, A.},
	Doi = {10.1016/j.nuclphysb.2011.07.008},
	Eprint = {1105.5403},
	Journal = {Nucl. Phys.},
	Pages = {1-48},
	Primaryclass = {hep-ph},
	Reportnumber = {CERN-PH-TH-2011-122},
	Slaccitation = {%%CITATION = ARXIV:1105.5403;%%},
	Title = {{The Other Natural Two Higgs Doublet Model}},
	Volume = {B853},
	Year = {2011},
	Bdsk-Url-1 = {https://doi.org/10.1016/j.nuclphysb.2011.07.008}}

@article{DeCurtis:2018iqd,
	Archiveprefix = {arXiv},
	Author = {De Curtis, Stefania and Delle Rose, Luigi and Moretti, Stefano and Yagyu, Kei},
	Eprint = {1803.01865},
	Primaryclass = {hep-ph},
	Slaccitation = {%%CITATION = ARXIV:1803.01865;%%},
	Title = {{Supersymmetry versus Compositeness: 2HDMs tell the story}},
	Year = {2018}}

@article{DeCurtis:2017gzi,
	Archiveprefix = {arXiv},
	Author = {De Curtis, Stefania and Moretti, Stefano and Yagyu, Kei and Yildirim, Emine},
	Doi = {10.1103/PhysRevD.95.095026},
	Eprint = {1702.07260},
	Journal = {Phys. Rev.},
	Number = {9},
	Pages = {095026},
	Primaryclass = {hep-ph},
	Slaccitation = {%%CITATION = ARXIV:1702.07260;%%},
	Title = {{Single and double SM-like Higgs boson production at future electron-positron colliders in composite 2HDMs}},
	Volume = {D95},
	Year = {2017},
	Bdsk-Url-1 = {https://doi.org/10.1103/PhysRevD.95.095026}}

@article{DeCurtis:2016tsm,
	Archiveprefix = {arXiv},
	Author = {De Curtis, Stefania and Moretti, Stefano and Yagyu, Kei and Yildirim, Emine},
	Doi = {10.1140/epjc/s10052-017-5082-4},
	Eprint = {1610.02687},
	Journal = {Eur. Phys. J.},
	Number = {8},
	Pages = {513},
	Primaryclass = {hep-ph},
	Slaccitation = {%%CITATION = ARXIV:1610.02687;%%},
	Title = {{LHC Phenomenology of Composite 2-Higgs Doublet Models}},
	Volume = {C77},
	Year = {2017},
	Bdsk-Url-1 = {https://doi.org/10.1140/epjc/s10052-017-5082-4}}

@article{DeCurtis:2016scv,
	Archiveprefix = {arXiv},
	Author = {De Curtis, Stefania and Moretti, Stefano and Yagyu, Kei and Yildirim, Emine},
	Doi = {10.1103/PhysRevD.94.055017},
	Eprint = {1602.06437},
	Journal = {Phys. Rev.},
	Number = {5},
	Pages = {055017},
	Primaryclass = {hep-ph},
	Slaccitation = {%%CITATION = ARXIV:1602.06437;%%},
	Title = {{Perturbative unitarity bounds in composite two-Higgs doublet models}},
	Volume = {D94},
	Year = {2016},
	Bdsk-Url-1 = {https://doi.org/10.1103/PhysRevD.94.055017}}

@article{Kaplan:1991dc,
	Author = {Kaplan, David B.},
	Doi = {10.1016/S0550-3213(05)80021-5},
	Journal = {Nucl. Phys.},
	Pages = {259-278},
	Reportnumber = {UCSD-PTH-91-04},
	Slaccitation = {%%CITATION = NUPHA,B365,259;%%},
	Title = {{Flavor at SSC energies: A New mechanism for dynamically generated fermion masses}},
	Volume = {B365},
	Year = {1991},
	Bdsk-Url-1 = {https://doi.org/10.1016/S0550-3213(05)80021-5}}

@article{Bechtle:2013wla,
	Archiveprefix = {arXiv},
	Author = {Bechtle, Philip and Brein, Oliver and Heinemeyer, Sven and St{\aa}l, Oscar and Stefaniak, Tim and Weiglein, Georg and Williams, Karina E.},
	Doi = {10.1140/epjc/s10052-013-2693-2},
	Eprint = {1311.0055},
	Journal = {Eur. Phys. J.},
	Number = {3},
	Pages = {2693},
	Primaryclass = {hep-ph},
	Reportnumber = {BONN-TH-2013-21, DESY-13-110},
	Slaccitation = {%%CITATION = ARXIV:1311.0055;%%},
	Title = {{$\mathsf{HiggsBounds}-4$: Improved Tests of Extended Higgs Sectors against Exclusion Bounds from LEP, the Tevatron and the LHC}},
	Volume = {C74},
	Year = {2014},
	Bdsk-Url-1 = {https://doi.org/10.1140/epjc/s10052-013-2693-2}}

@inproceedings{CMS:2013xfa,
	Archiveprefix = {arXiv},
	Booktitle = {{Proceedings, 2013 Community Summer Study on the Future of U.S. Particle Physics: Snowmass on the Mississippi (CSS2013): Minneapolis, MN, USA, July 29-August 6, 2013}},
	Collaboration = {CMS},
	Eprint = {1307.7135},
	Primaryclass = {hep-ex},
	Reportnumber = {CMS-NOTE-13-002},
	Slaccitation = {%%CITATION = ARXIV:1307.7135;%%},
	Title = {{Projected Performance of an Upgraded CMS Detector at the LHC and HL-LHC: Contribution to the Snowmass Process}},
	Url = {http://www.slac.stanford.edu/econf/C1307292/docs/submittedArxivFiles/1307.7135.pdf},
	Year = {2013},
	Bdsk-Url-1 = {http://www.slac.stanford.edu/econf/C1307292/docs/submittedArxivFiles/1307.7135.pdf}}

@article{LHCHiggsCrossSectionWorkingGroup:2012nn,
	Archiveprefix = {arXiv},
	Author = {David, A. and Denner, A. and Duehrssen, M. and Grazzini, M. and Grojean, C. and Passarino, G. and Schumacher, M. and Spira, M. and Weiglein, G. and Zanetti, M.},
	Collaboration = {LHC Higgs Cross Section Working Group},
	Eprint = {1209.0040},
	Primaryclass = {hep-ph},
	Reportnumber = {CERN-PH-TH-2012-284, LHCHXSWG-2012-001},
	Slaccitation = {%%CITATION = ARXIV:1209.0040;%%},
	Title = {{LHC HXSWG interim recommendations to explore the coupling structure of a Higgs-like particle}},
	Year = {2012}}

@article{Pich:2009sp,
	Archiveprefix = {arXiv},
	Author = {Pich, Antonio and Tuzon, Paula},
	Doi = {10.1103/PhysRevD.80.091702},
	Eprint = {0908.1554},
	Journal = {Phys. Rev.},
	Pages = {091702},
	Primaryclass = {hep-ph},
	Reportnumber = {IFIC-09-36, FTUV-09-0810},
	Slaccitation = {%%CITATION = ARXIV:0908.1554;%%},
	Title = {{Yukawa Alignment in the Two-Higgs-Doublet Model}},
	Volume = {D80},
	Year = {2009},
	Bdsk-Url-1 = {https://doi.org/10.1103/PhysRevD.80.091702}}

@article{Aaboud:2018mjh,
	Archiveprefix = {arXiv},
	Author = {Aaboud, Morad and others},
	Collaboration = {ATLAS},
	Doi = {10.1140/epjc/s10052-018-5995-6},
	Eprint = {1804.10823},
	Journal = {Eur. Phys. J.},
	Number = {7},
	Pages = {565},
	Primaryclass = {hep-ex},
	Reportnumber = {CERN-EP-2018-48, CERN-EP-2018-048, CERN-EP-2018-048},
	Slaccitation = {%%CITATION = ARXIV:1804.10823;%%},
	Title = {{Search for heavy particles decaying into top-quark pairs using lepton-plus-jets events in proton-proton collisions at $\sqrt{s} = 13$ $\text {TeV}$ with the ATLAS detector}},
	Volume = {C78},
	Year = {2018},
	Bdsk-Url-1 = {https://doi.org/10.1140/epjc/s10052-018-5995-6}}

@article{Han:2016qpd,
	Author = {Han, Jiyeon},
	Booktitle = {{Proceedings, 38th International Conference on High Energy Physics (ICHEP 2016): Chicago, IL, USA, August 3-10, 2016}},
	Collaboration = {ATLAS, CMS},
	Doi = {10.22323/1.282.0677},
	Journal = {PoS},
	Pages = {677},
	Slaccitation = {%%CITATION = POSCI,ICHEP2016,677;%%},
	Title = {{Dilepton Forward-Backward Asymmetry and electroweak mixing angle at ATLAS and CMS}},
	Volume = {ICHEP2016},
	Year = {2016},
	Bdsk-Url-1 = {https://doi.org/10.22323/1.282.0677}}

@article{CMS:2017ihs,
	Author = {CMS Collaboration},
	Collaboration = {CMS},
	Reportnumber = {CMS-PAS-HIG-17-008},
	Slaccitation = {%%CITATION = CMS-PAS-HIG-17-008;%%},
	Title = {{Search for Higgs boson pair production in the final state containing two photons and two bottom quarks in proton-proton collisions at $\sqrt{s}=13~\mathrm{TeV}$}},
	Year = {2017}}

@article{Frixione:2007vw,
	Archiveprefix = {arXiv},
	Author = {Frixione, Stefano and Nason, Paolo and Oleari, Carlo},
	Date-Added = {2018-06-02 13:23:04 +0000},
	Date-Modified = {2018-06-02 13:23:04 +0000},
	Doi = {10.1088/1126-6708/2007/11/070},
	Eprint = {0709.2092},
	Journal = {JHEP},
	Pages = {070},
	Primaryclass = {hep-ph},
	Reportnumber = {BICOCCA-FT-07-9, GEF-TH-21-2007},
	Slaccitation = {%%CITATION = ARXIV:0709.2092;%%},
	Title = {{Matching NLO QCD computations with Parton Shower simulations: the POWHEG method}},
	Volume = {11},
	Year = {2007},
	Bdsk-Url-1 = {http://dx.doi.org/10.1088/1126-6708/2007/11/070}}

@article{Frixione:2002ik,
	Archiveprefix = {arXiv},
	Author = {Frixione, Stefano and Webber, Bryan R.},
	Date-Added = {2018-06-02 13:22:08 +0000},
	Date-Modified = {2018-06-02 13:22:08 +0000},
	Doi = {10.1088/1126-6708/2002/06/029},
	Eprint = {hep-ph/0204244},
	Journal = {JHEP},
	Pages = {029},
	Primaryclass = {hep-ph},
	Reportnumber = {CAVENDISH-HEP-02-01, LAPTH-905-02, GEF-TH-2-2002},
	Slaccitation = {%%CITATION = HEP-PH/0204244;%%},
	Title = {{Matching NLO QCD computations and parton shower simulations}},
	Volume = {06},
	Year = {2002},
	Bdsk-Url-1 = {http://dx.doi.org/10.1088/1126-6708/2002/06/029}}

@article{Hsieh:2010zr,
	Annote = {Classification of G221 models.
Global analysis of low-energy observables.},
	Archiveprefix = {arXiv},
	Author = {Hsieh, Ken and Schmitz, Kai and Yu, Jiang-Hao and Yuan, C.-P.},
	Date-Added = {2018-06-01 06:56:41 +0000},
	Date-Modified = {2018-06-01 06:56:41 +0000},
	Doi = {10.1103/PhysRevD.82.035011},
	Eprint = {1003.3482},
	Journal = {Phys.Rev.},
	Keywords = {G221},
	Pages = {035011},
	Primaryclass = {hep-ph},
	Reportnumber = {MSUHEP-091123, DESY-09-205},
	Slaccitation = {%%CITATION = ARXIV:1003.3482;%%},
	Title = {{Global Analysis of General SU(2) x SU(2) x U(1) Models with Precision Data}},
	Volume = {D82},
	Year = {2010},
	Bdsk-Url-1 = {http://dx.doi.org/10.1103/PhysRevD.82.035011}}

@article{Altarelli:1989ff,
	Annote = {Ref. for Sequential Standard Model.},
	Author = {Altarelli, Guido and Mele, B. and Ruiz-Altaba, M.},
	Date-Added = {2018-06-01 06:55:08 +0000},
	Date-Modified = {2018-06-01 06:55:08 +0000},
	Doi = {10.1007/BF01556677, 10.1007/BF01556677},
	Journal = {Z.Phys.},
	Keywords = {G221},
	Pages = {109},
	Rating = {5},
	Reportnumber = {CERN-TH-5323-89},
	Slaccitation = {%%CITATION = ZEPYA,C45,109;%%},
	Title = {{Searching for New Heavy Vector Bosons in $p\bar{p}$ Colliders}},
	Volume = {C45},
	Year = {1989},
	Bdsk-Url-1 = {http://dx.doi.org/10.1007/BF01556677}}

@article{Li:1981nk,
	Annote = {Ref. to Non-Universal (NU) models.},
	Author = {Li, Xiaoyuan and Ma, Ernest},
	Date-Added = {2018-06-01 06:53:11 +0000},
	Date-Modified = {2018-06-01 06:53:11 +0000},
	Doi = {10.1103/PhysRevLett.47.1788},
	Journal = {Phys.Rev.Lett.},
	Keywords = {G221},
	Pages = {1788},
	Reportnumber = {Print-81-0777 (HAWAII), UH-511-454-81},
	Slaccitation = {%%CITATION = PRLTA,47,1788;%%},
	Title = {{Gauge Model Of Generation Nonuniversality}},
	Volume = {47},
	Year = {1981},
	Bdsk-Url-1 = {http://dx.doi.org/10.1103/PhysRevLett.47.1788}}

@article{Malkawi:1996fs,
	Annote = {Ref. to Non-Universal (NU) models.},
	Archiveprefix = {arXiv},
	Author = {Malkawi, Ehab and Tait, Timothy M.P. and Yuan, C.P.},
	Date-Added = {2018-06-01 06:52:37 +0000},
	Date-Modified = {2018-06-01 06:52:37 +0000},
	Doi = {10.1016/0370-2693(96)00859-3},
	Eprint = {hep-ph/9603349},
	Journal = {Phys.Lett.},
	Keywords = {G221},
	Pages = {304-310},
	Primaryclass = {hep-ph},
	Reportnumber = {MSUHEP-60315},
	Slaccitation = {%%CITATION = HEP-PH/9603349;%%},
	Title = {{A Model of strong flavor dynamics for the top quark}},
	Volume = {B385},
	Year = {1996},
	Bdsk-Url-1 = {http://dx.doi.org/10.1016/0370-2693(96)00859-3}}

@article{Georgi:1989ic,
	Annote = {Ref. to Un-Unified (UU) models.},
	Author = {Georgi, Howard and Jenkins, Elizabeth Ellen and Simmons, Elizabeth H.},
	Date-Added = {2018-06-01 06:51:30 +0000},
	Date-Modified = {2018-06-01 06:51:30 +0000},
	Doi = {10.1103/PhysRevLett.62.2789, 10.1103/PhysRevLett.62.2789},
	Journal = {Phys.Rev.Lett.},
	Keywords = {G221},
	Pages = {2789},
	Reportnumber = {HUTP-89-A017},
	Slaccitation = {%%CITATION = PRLTA,62,2789;%%},
	Title = {{Ununifying the Standard Model}},
	Volume = {62},
	Year = {1989},
	Bdsk-Url-1 = {http://dx.doi.org/10.1103/PhysRevLett.62.2789}}

@article{Georgi:1989xz,
	Annote = {Ref. to Un-Unified (UU) models.},
	Author = {Georgi, Howard and Jenkins, Elizabeth Ellen and Simmons, Elizabeth H.},
	Date-Added = {2018-06-01 06:51:30 +0000},
	Date-Modified = {2018-06-01 06:51:30 +0000},
	Doi = {10.1016/0550-3213(90)90083-P},
	Journal = {Nucl.Phys.},
	Keywords = {G221},
	Pages = {541},
	Reportnumber = {HUTP-89/A023},
	Slaccitation = {%%CITATION = NUPHA,B331,541;%%},
	Title = {{The Ununified Standard Model}},
	Volume = {B331},
	Year = {1990},
	Bdsk-Url-1 = {http://dx.doi.org/10.1016/0550-3213(90)90083-P}}

@article{Harris:1999ya,
	Archiveprefix = {arXiv},
	Author = {Harris, Robert M. and Hill, Christopher T. and Parke, Stephen J.},
	Date-Added = {2018-06-01 06:48:08 +0000},
	Date-Modified = {2018-06-01 06:48:08 +0000},
	Eprint = {hep-ph/9911288},
	Primaryclass = {hep-ph},
	Reportnumber = {FERMILAB-FN-0687, CDF-ANAL-EXOTIC-PUBLIC-5064},
	Slaccitation = {%%CITATION = HEP-PH/9911288;%%},
	Title = {{Cross-Section for Topcolor $Z^{\prime}_t$ Decaying to $t\bar{t}$}},
	Year = {1999}}

@article{Jezo:2014wra,
	Archiveprefix = {arXiv},
	Author = {Jezo, Tomas and Klasen, Michael and Lamprea, David R. and Lyonnet, Florian and Schienbein, Ingo},
	Date-Added = {2018-05-31 08:17:42 +0000},
	Date-Modified = {2018-05-31 08:17:42 +0000},
	Doi = {10.1007/JHEP12(2014)092},
	Eprint = {1410.4692},
	Journal = {JHEP},
	Pages = {092},
	Primaryclass = {hep-ph},
	Reportnumber = {LPSC-14-220, LTH-1015, MS-TP-14-23},
	Slaccitation = {%%CITATION = ARXIV:1410.4692;%%},
	Title = {{NLO+NLL limits on $W'$ and $Z'$ gauge boson masses in general extensions of the Standard Model}},
	Volume = {12},
	Year = {2014},
	Bdsk-Url-1 = {http://dx.doi.org/10.1007/JHEP12(2014)092}}

@article{Bonciani:2015hgv,
	Archiveprefix = {arXiv},
	Author = {Bonciani, Roberto and Jezo, Tom{\'a}s and Klasen, Michael and Lyonnet, Florian and Schienbein, Ingo},
	Date-Added = {2018-05-31 08:16:08 +0000},
	Date-Modified = {2018-05-31 08:16:08 +0000},
	Doi = {10.1007/JHEP02(2016)141},
	Eprint = {1511.08185},
	Journal = {JHEP},
	Pages = {141},
	Primaryclass = {hep-ph},
	Reportnumber = {LPSC-15-318, MS-TP-15-25, SMU-HEP-15-13},
	Slaccitation = {%%CITATION = ARXIV:1511.08185;%%},
	Title = {{Electroweak top-quark pair production at the LHC with $Z'$ bosons to NLO QCD in POWHEG}},
	Volume = {02},
	Year = {2016},
	Bdsk-Url-1 = {http://dx.doi.org/10.1007/JHEP02(2016)141}}

@article{Alioli:2010xd,
	Archiveprefix = {arXiv},
	Author = {Alioli, Simone and Nason, Paolo and Oleari, Carlo and Re, Emanuele},
	Date-Added = {2018-06-02 13:23:52 +0000},
	Date-Modified = {2018-06-02 13:23:52 +0000},
	Doi = {10.1007/JHEP06(2010)043},
	Eprint = {1002.2581},
	Journal = {JHEP},
	Pages = {043},
	Primaryclass = {hep-ph},
	Reportnumber = {DESY-10-018, SFB-CPP-10-22, IPPP-10-11, DCPT-10-22},
	Slaccitation = {%%CITATION = ARXIV:1002.2581;%%},
	Title = {{A general framework for implementing NLO calculations in shower Monte Carlo programs: the POWHEG BOX}},
	Volume = {06},
	Year = {2010},
	Bdsk-Url-1 = {http://dx.doi.org/10.1007/JHEP06(2010)043}}

@article{Barbieri:2013nka,
	Archiveprefix = {arXiv},
	Author = {Barbieri, Riccardo and Buttazzo, Dario and Kannike, Kristjan and Sala, Filippo and Tesi, Andrea},
	Doi = {10.1103/PhysRevD.88.055011},
	Eprint = {1307.4937},
	Journal = {Phys. Rev.},
	Pages = {055011},
	Primaryclass = {hep-ph},
	Reportnumber = {CERN-PH-TH-2013-170},
	Slaccitation = {%%CITATION = ARXIV:1307.4937;%%},
	Title = {{One or more Higgs bosons?}},
	Volume = {D88},
	Year = {2013},
	Bdsk-Url-1 = {https://doi.org/10.1103/PhysRevD.88.055011}}

@article{Barbieri:2013hxa,
	Archiveprefix = {arXiv},
	Author = {Barbieri, Riccardo and Buttazzo, Dario and Kannike, Kristjan and Sala, Filippo and Tesi, Andrea},
	Doi = {10.1103/PhysRevD.87.115018},
	Eprint = {1304.3670},
	Journal = {Phys. Rev.},
	Number = {11},
	Pages = {115018},
	Primaryclass = {hep-ph},
	Slaccitation = {%%CITATION = ARXIV:1304.3670;%%},
	Title = {{Exploring the Higgs sector of a most natural NMSSM}},
	Volume = {D87},
	Year = {2013},
	Bdsk-Url-1 = {https://doi.org/10.1103/PhysRevD.87.115018}}

@article{Carena:2018vpt,
	Archiveprefix = {arXiv},
	Author = {Carena, Marcela and Liu, Zhen and Riembau, Marc},
	Doi = {10.1103/PhysRevD.97.095032},
	Eprint = {1801.00794},
	Journal = {Phys. Rev.},
	Pages = {095032},
	Primaryclass = {hep-ph},
	Reportnumber = {FERMILAB-PUB-17-600-T},
	Slaccitation = {%%CITATION = ARXIV:1801.00794;%%},
	Title = {{Probing Electroweak Phase Transition via Enhanced Di-Higgs Production}},
	Volume = {D97},
	Year = {2018},
	Bdsk-Url-1 = {https://doi.org/10.1103/PhysRevD.97.095032}}

@techreport{ATLAS-CONF-2018-004,
	Address = {Geneva},
	Collaboration = {ATLAS Collaboration},
	Institution = {CERN},
	Month = {Mar},
	Number = {ATLAS-CONF-2018-004},
	Reportnumber = {ATLAS-CONF-2018-004},
	Title = {{Measurement of gluon fusion and vector boson fusion Higgs boson production cross-sections in the $H \to WW^{*} \to e\nu\mu\nu$ decay channel in pp collisions at $\sqrt{s} = 13$ TeV with the ATLAS detector}},
	Url = {http://cds.cern.ch/record/2308392},
	Year = {2018},
	Bdsk-Url-1 = {http://cds.cern.ch/record/2308392}}

@article{Baglio:2012np,
	Archiveprefix = {arXiv},
	Author = {Baglio, J. and Djouadi, A. and Gr{\"o}ber, R. and M{\"u}hlleitner, M. M. and Quevillon, J. and Spira, M.},
	Doi = {10.1007/JHEP04(2013)151},
	Eprint = {1212.5581},
	Journal = {JHEP},
	Pages = {151},
	Primaryclass = {hep-ph},
	Reportnumber = {KA-TP-44-2012, SFB-CPP-12-102, LPT-ORSAY-12-124, PSI-PR-12-10},
	Slaccitation = {%%CITATION = ARXIV:1212.5581;%%},
	Title = {{The measurement of the Higgs self-coupling at the LHC: theoretical status}},
	Volume = {04},
	Year = {2013},
	Bdsk-Url-1 = {https://doi.org/10.1007/JHEP04(2013)151}}

@article{Sirunyan:2018qlb,
	Archiveprefix = {arXiv},
	Author = {Sirunyan, Albert M and others},
	Collaboration = {CMS},
	Eprint = {1804.01939},
	Primaryclass = {hep-ex},
	Reportnumber = {CMS-HIG-17-012, CERN-EP-2018-009, CMS-HIG-17-012, CERN-EP-2018-009},
	Slaccitation = {%%CITATION = ARXIV:1804.01939;%%},
	Title = {{Search for a new scalar resonance decaying to a pair of Z bosons in proton-proton collisions at $\sqrt{s} =$ 13 TeV}},
	Year = {2018}}

@article{Gherghetta:2012gb,
	Archiveprefix = {arXiv},
	Author = {Gherghetta, Tony and von Harling, Benedict and Medina, Anibal D. and Schmidt, Michael A.},
	Doi = {10.1007/JHEP02(2013)032},
	Eprint = {1212.5243},
	Journal = {JHEP},
	Pages = {032},
	Primaryclass = {hep-ph},
	Slaccitation = {%%CITATION = ARXIV:1212.5243;%%},
	Title = {{The Scale-Invariant NMSSM and the 126 GeV Higgs Boson}},
	Volume = {02},
	Year = {2013},
	Bdsk-Url-1 = {https://doi.org/10.1007/JHEP02(2013)032}}

@article{Ellwanger:2009dp,
	Archiveprefix = {arXiv},
	Author = {Ellwanger, Ulrich and Hugonie, Cyril and Teixeira, Ana M.},
	Doi = {10.1016/j.physrep.2010.07.001},
	Eprint = {0910.1785},
	Journal = {Phys. Rept.},
	Pages = {1-77},
	Primaryclass = {hep-ph},
	Reportnumber = {LPT-ORSAY-09-76, CFTP-09-032, LPTA-09-066},
	Slaccitation = {%%CITATION = ARXIV:0910.1785;%%},
	Title = {{The Next-to-Minimal Supersymmetric Standard Model}},
	Volume = {496},
	Year = {2010},
	Bdsk-Url-1 = {https://doi.org/10.1016/j.physrep.2010.07.001}}

@article{Chacko:2005pe,
	Archiveprefix = {arXiv},
	Author = {Chacko, Z. and Goh, Hock-Seng and Harnik, Roni},
	Doi = {10.1103/PhysRevLett.96.231802},
	Eprint = {hep-ph/0506256},
	Journal = {Phys. Rev. Lett.},
	Pages = {231802},
	Primaryclass = {hep-ph},
	Slaccitation = {%%CITATION = HEP-PH/0506256;%%},
	Title = {{The Twin Higgs: Natural electroweak breaking from mirror symmetry}},
	Volume = {96},
	Year = {2006},
	Bdsk-Url-1 = {https://doi.org/10.1103/PhysRevLett.96.231802}}

@article{Panico:2015jxa,
	Archiveprefix = {arXiv},
	Author = {Panico, Giuliano and Wulzer, Andrea},
	Doi = {10.1007/978-3-319-22617-0},
	Eprint = {1506.01961},
	Journal = {Lect. Notes Phys.},
	Pages = {pp.1-316},
	Primaryclass = {hep-ph},
	Reportnumber = {DFPD-2015TH9},
	Slaccitation = {%%CITATION = ARXIV:1506.01961;%%},
	Title = {{The Composite Nambu-Goldstone Higgs}},
	Volume = {913},
	Year = {2016},
	Bdsk-Url-1 = {https://doi.org/10.1007/978-3-319-22617-0}}

@article{Pietroni:1992in,
	Archiveprefix = {arXiv},
	Author = {Pietroni, Massimo},
	Doi = {10.1016/0550-3213(93)90635-3},
	Eprint = {hep-ph/9207227},
	Journal = {Nucl. Phys.},
	Pages = {27-45},
	Primaryclass = {hep-ph},
	Reportnumber = {DFPD-92-TH-36},
	Slaccitation = {%%CITATION = HEP-PH/9207227;%%},
	Title = {{The Electroweak phase transition in a nonminimal supersymmetric model}},
	Volume = {B402},
	Year = {1993},
	Bdsk-Url-1 = {https://doi.org/10.1016/0550-3213(93)90635-3}}

@article{Craig:2014lda,
	Archiveprefix = {arXiv},
	Author = {Craig, Nathaniel and Lou, Hou Keong and McCullough, Matthew and Thalapillil, Arun},
	Doi = {10.1007/JHEP02(2016)127},
	Eprint = {1412.0258},
	Journal = {JHEP},
	Pages = {127},
	Primaryclass = {hep-ph},
	Slaccitation = {%%CITATION = ARXIV:1412.0258;%%},
	Title = {{The Higgs Portal Above Threshold}},
	Volume = {02},
	Year = {2016},
	Bdsk-Url-1 = {https://doi.org/10.1007/JHEP02(2016)127}}

@article{Curtin:2014jma,
	Archiveprefix = {arXiv},
	Author = {Curtin, David and Meade, Patrick and Yu, Chiu-Tien},
	Doi = {10.1007/JHEP11(2014)127},
	Eprint = {1409.0005},
	Journal = {JHEP},
	Pages = {127},
	Primaryclass = {hep-ph},
	Reportnumber = {YITP-SB-14-33},
	Slaccitation = {%%CITATION = ARXIV:1409.0005;%%},
	Title = {{Testing Electroweak Baryogenesis with Future Colliders}},
	Volume = {11},
	Year = {2014},
	Bdsk-Url-1 = {https://doi.org/10.1007/JHEP11(2014)127}}

@article{Espinosa:1991gr,
	Author = {Espinosa, J. R. and Quiros, M.},
	Doi = {10.1016/0370-2693(92)91846-2},
	Journal = {Phys. Lett.},
	Pages = {92-97},
	Reportnumber = {IEM-FT-50-91},
	Slaccitation = {%%CITATION = PHLTA,B279,92;%%},
	Title = {{On Higgs boson masses in nonminimal supersymmetric standard models}},
	Volume = {B279},
	Year = {1992},
	Bdsk-Url-1 = {https://doi.org/10.1016/0370-2693(92)91846-2}}

@article{Agashe:2012zq,
	Archiveprefix = {arXiv},
	Author = {Agashe, Kaustubh and Cui, Yanou and Franceschini, Roberto},
	Doi = {10.1007/JHEP02(2013)031},
	Eprint = {1209.2115},
	Journal = {JHEP},
	Pages = {031},
	Primaryclass = {hep-ph},
	Reportnumber = {UMD-PP-012-021},
	Slaccitation = {%%CITATION = ARXIV:1209.2115;%%},
	Title = {{Natural Islands for a 125 GeV Higgs in the scale-invariant NMSSM}},
	Volume = {02},
	Year = {2013},
	Bdsk-Url-1 = {https://doi.org/10.1007/JHEP02(2013)031}}

@article{Hall:2011aa,
	Archiveprefix = {arXiv},
	Author = {Hall, Lawrence J. and Pinner, David and Ruderman, Joshua T.},
	Doi = {10.1007/JHEP04(2012)131},
	Eprint = {1112.2703},
	Journal = {JHEP},
	Pages = {131},
	Primaryclass = {hep-ph},
	Reportnumber = {UCB-PTH-11-11},
	Slaccitation = {%%CITATION = ARXIV:1112.2703;%%},
	Title = {{A Natural SUSY Higgs Near 126 GeV}},
	Volume = {04},
	Year = {2012},
	Bdsk-Url-1 = {https://doi.org/10.1007/JHEP04(2012)131}}

@article{Barbieri:2006bg,
	Archiveprefix = {arXiv},
	Author = {Barbieri, Riccardo and Hall, Lawrence J. and Nomura, Yasunori and Rychkov, Vyacheslav S.},
	Doi = {10.1103/PhysRevD.75.035007},
	Eprint = {hep-ph/0607332},
	Journal = {Phys. Rev.},
	Pages = {035007},
	Primaryclass = {hep-ph},
	Reportnumber = {UCB-PTH-06-14, LBNL-61281},
	Slaccitation = {%%CITATION = HEP-PH/0607332;%%},
	Title = {{Supersymmetry without a Light Higgs Boson}},
	Volume = {D75},
	Year = {2007},
	Bdsk-Url-1 = {https://doi.org/10.1103/PhysRevD.75.035007}}

@article{Sala:2015lza,
	Archiveprefix = {arXiv},
	Author = {Sala, Filippo},
	Doi = {10.1140/epjp/i2016-16079-5},
	Eprint = {1509.08655},
	Journal = {Eur. Phys. J. Plus},
	Number = {4},
	Pages = {79},
	Primaryclass = {hep-ph},
	Slaccitation = {%%CITATION = ARXIV:1509.08655;%%},
	Title = {{Higgs and flavour as doors to new physics}},
	Volume = {131},
	Year = {2016},
	Bdsk-Url-1 = {https://doi.org/10.1140/epjp/i2016-16079-5}}

@article{Badziak:2017syq,
	Archiveprefix = {arXiv},
	Author = {Badziak, Marcin and Harigaya, Keisuke},
	Doi = {10.1007/JHEP06(2017)065},
	Eprint = {1703.02122},
	Journal = {JHEP},
	Pages = {065},
	Primaryclass = {hep-ph},
	Slaccitation = {%%CITATION = ARXIV:1703.02122;%%},
	Title = {{Supersymmetric D-term Twin Higgs}},
	Volume = {06},
	Year = {2017},
	Bdsk-Url-1 = {https://doi.org/10.1007/JHEP06(2017)065}}

@article{Katz:2016wtw,
	Archiveprefix = {arXiv},
	Author = {Katz, Andrey and Mariotti, Alberto and Pokorski, Stefan and Redigolo, Diego and Ziegler, Robert},
	Doi = {10.1007/JHEP01(2017)142},
	Eprint = {1611.08615},
	Journal = {JHEP},
	Pages = {142},
	Primaryclass = {hep-ph},
	Reportnumber = {CERN-TH-2016-240, TTP16-054},
	Slaccitation = {%%CITATION = ARXIV:1611.08615;%%},
	Title = {{SUSY Meets Her Twin}},
	Volume = {01},
	Year = {2017},
	Bdsk-Url-1 = {https://doi.org/10.1007/JHEP01(2017)142}}

@inproceedings{Contino:2010rs,
	Archiveprefix = {arXiv},
	Author = {Contino, Roberto},
	Booktitle = {{Physics of the large and the small, TASI 09, proceedings of the Theoretical Advanced Study Institute in Elementary Particle Physics, Boulder, Colorado, USA, 1-26 June 2009}},
	Doi = {10.1142/9789814327183_0005},
	Eprint = {1005.4269},
	Pages = {235-306},
	Primaryclass = {hep-ph},
	Slaccitation = {%%CITATION = ARXIV:1005.4269;%%},
	Title = {{The Higgs as a Composite Nambu-Goldstone Boson}},
	Url = {http://inspirehep.net/record/856065/files/arXiv:1005.4269.pdf},
	Year = {2011},
	Bdsk-Url-1 = {http://inspirehep.net/record/856065/files/arXiv:1005.4269.pdf},
	Bdsk-Url-2 = {https://doi.org/10.1142/9789814327183_0005}}

@article{Aaboud:2018tqo,
	Archiveprefix = {arXiv},
	Author = {{ATLAS Collaboration}},
	Collaboration = {ATLAS},
	Eprint = {1805.09299},
	Primaryclass = {hep-ex},
	Reportnumber = {CERN-EP-2018-075, CERN-EP-2018-075},
	Slaccitation = {%%CITATION = ARXIV:1805.09299;%%},
	Title = {{Search for resonances in the mass distribution of jet pairs with one or two jets identified as $b$-jets in proton-proton collisions at $\sqrt{s}=13$ TeV with the ATLAS detector}},
	Year = {2018}}

@article{Strassler:2006ri,
	Archiveprefix = {arXiv},
	Author = {Strassler, Matthew J. and Zurek, Kathryn M.},
	Doi = {10.1016/j.physletb.2008.02.008},
	Eprint = {hep-ph/0605193},
	Journal = {Phys. Lett.},
	Pages = {263-267},
	Primaryclass = {hep-ph},
	Slaccitation = {%%CITATION = HEP-PH/0605193;%%},
	Title = {{Discovering the Higgs through highly-displaced vertices}},
	Volume = {B661},
	Year = {2008},
	Bdsk-Url-1 = {https://doi.org/10.1016/j.physletb.2008.02.008}}

@article{Schabinger:2005ei,
	Archiveprefix = {arXiv},
	Author = {Schabinger, Robert M. and Wells, James D.},
	Doi = {10.1103/PhysRevD.72.093007},
	Eprint = {hep-ph/0509209},
	Journal = {Phys. Rev.},
	Pages = {093007},
	Primaryclass = {hep-ph},
	Slaccitation = {%%CITATION = HEP-PH/0509209;%%},
	Title = {{A Minimal spontaneously broken hidden sector and its impact on Higgs boson physics at the large hadron collider}},
	Volume = {D72},
	Year = {2005},
	Bdsk-Url-1 = {https://doi.org/10.1103/PhysRevD.72.093007}}

@article{Chala:2015cev,
	Archiveprefix = {arXiv},
	Author = {Chala, Mikael and Duerr, Michael and Kahlhoefer, Felix and Schmidt-Hoberg, Kai},
	Doi = {10.1016/j.physletb.2016.02.006},
	Eprint = {1512.06833},
	Journal = {Phys. Lett.},
	Pages = {145-149},
	Primaryclass = {hep-ph},
	Reportnumber = {DESY-15-256},
	Slaccitation = {%%CITATION = ARXIV:1512.06833;%%},
	Title = {{Tricking Landau--Yang: How to obtain the diphoton excess from a vector resonance}},
	Volume = {B755},
	Year = {2016},
	Bdsk-Url-1 = {https://doi.org/10.1016/j.physletb.2016.02.006}}

@article{Allanach:2017qbs,
	Archiveprefix = {arXiv},
	Author = {Allanach, B. C. and Bhatia, D. and Iyer, A. M.},
	Doi = {10.1140/epjc/s10052-017-5162-5},
	Eprint = {1706.09039},
	Journal = {Eur. Phys. J.},
	Number = {9},
	Pages = {595},
	Primaryclass = {hep-ph},
	Reportnumber = {TIFR-TH-17-29, DAMTP-2017-28},
	Slaccitation = {%%CITATION = ARXIV:1706.09039;%%},
	Title = {{Dissecting Multi-Photon Resonances at the Large Hadron Collider}},
	Volume = {C77},
	Year = {2017},
	Bdsk-Url-1 = {https://doi.org/10.1140/epjc/s10052-017-5162-5}}

@article{Landau:1948kw,
	Author = {Landau, L. D.},
	Doi = {10.1016/B978-0-08-010586-4.50070-5},
	Journal = {Dokl. Akad. Nauk Ser. Fiz.},
	Number = {2},
	Pages = {207-209},
	Slaccitation = {%%CITATION = DANKA,60,207;%%},
	Title = {{On the angular momentum of a system of two photons}},
	Volume = {60},
	Year = {1948},
	Bdsk-Url-1 = {https://doi.org/10.1016/B978-0-08-010586-4.50070-5}}

@article{Yang:1950rg,
	Author = {Yang, Chen-Ning},
	Doi = {10.1103/PhysRev.77.242},
	Journal = {Phys. Rev.},
	Pages = {242-245},
	Slaccitation = {%%CITATION = PHRVA,77,242;%%},
	Title = {{Selection Rules for the Dematerialization of a Particle Into Two Photons}},
	Volume = {77},
	Year = {1950},
	Bdsk-Url-1 = {https://doi.org/10.1103/PhysRev.77.242}}

@article{Chekanov:2017pnx,
	Archiveprefix = {arXiv},
	Author = {Chekanov, S. V. and Childers, J. T. and Frizzell, D. and Proudfoot, J. and Wang, R.},
	Eprint = {1710.09484},
	Journal = {JINST},
	Number = {05},
	Pages = {P05022},
	Primaryclass = {hep-ex},
	Reportnumber = {ANL-HEP-139751},
	Slaccitation = {%%CITATION = ARXIV:1710.09484;%%},
	Title = {{Precision searches in dijets at the HL-LHC and HE-LHC}},
	Url = {http://stacks.iop.org/1748-0221/13/i=05/a=P05022},
	Volume = {13},
	Year = {2018},
	Bdsk-Url-1 = {http://stacks.iop.org/1748-0221/13/i=05/a=P05022}}

@techreport{Collaboration:2320658,
	Address = {Geneva},
	Author = {{ATLAS Collaboration}},
	Institution = {CERN},
	Month = {May},
	Number = {ATLAS-COM-CONF-2018-020},
	Reportnumber = {ATLAS-COM-CONF-2018-020},
	Title = {{Search for dijet resonances in events with an isolated lepton using $\sqrt{s} = 13$~TeV proton--proton collision data collected by the ATLAS detector}},
	Url = {https://cds.cern.ch/record/2320658},
	Year = {2018},
	Bdsk-Url-1 = {https://cds.cern.ch/record/2320658}}

@article{Aaboud:2018fzt,
	Archiveprefix = {arXiv},
	Author = {{ATLAS Collaboration}},
	Collaboration = {ATLAS},
	Eprint = {1804.03496},
	Primaryclass = {hep-ex},
	Reportnumber = {CERN-EP-2018-033, CERN-EP-2018-033},
	Slaccitation = {%%CITATION = ARXIV:1804.03496;%%},
	Title = {Search for low-mass dijet resonances using trigger-level jets with the ATLAS detector in $pp$ collisions at $\sqrt{s}=13$ TeV},
	Year = {2018}}

@inproceedings{London:1986jz,
	Author = {London, David and Rosner, Jonathan L.},
	Booktitle = {{Proceedings, 23RD International Conference on High Energy Physics, JULY 16-23, 1986, Berkeley, CA}},
	Slaccitation = {%%CITATION = INSPIRE-241941;%%},
	Title = {{Extra Gauge Bosons in E(6)}},
	Year = {1986}}

@article{Joglekar:2016yap,
	Archiveprefix = {arXiv},
	Author = {Joglekar, Aniket and Rosner, Jonathan L.},
	Doi = {10.1103/PhysRevD.96.015026},
	Eprint = {1607.06900},
	Journal = {Phys. Rev.},
	Number = {1},
	Pages = {015026},
	Primaryclass = {hep-ph},
	Reportnumber = {EFI-16-10},
	Slaccitation = {%%CITATION = ARXIV:1607.06900;%%},
	Title = {{Searching for signatures of $E_{\rm 6}$}},
	Volume = {D96},
	Year = {2017},
	Bdsk-Url-1 = {https://doi.org/10.1103/PhysRevD.96.015026}}

@article{Langacker:2008yv,
	Archiveprefix = {arXiv},
	Author = {Langacker, Paul},
	Doi = {10.1103/RevModPhys.81.1199},
	Eprint = {0801.1345},
	Journal = {Rev. Mod. Phys.},
	Pages = {1199-1228},
	Primaryclass = {hep-ph},
	Slaccitation = {%%CITATION = ARXIV:0801.1345;%%},
	Title = {{The Physics of Heavy $Z^\prime$ Gauge Bosons}},
	Volume = {81},
	Year = {2009},
	Bdsk-Url-1 = {https://doi.org/10.1103/RevModPhys.81.1199}}

@article{Salvioni:2009mt,
	Archiveprefix = {arXiv},
	Author = {Salvioni, Ennio and Villadoro, Giovanni and Zwirner, Fabio},
	Doi = {10.1088/1126-6708/2009/11/068},
	Eprint = {0909.1320},
	Journal = {JHEP},
	Pages = {068},
	Primaryclass = {hep-ph},
	Reportnumber = {CERN-PH-TH-2009-160, DFPD-09-TH-17},
	Slaccitation = {%%CITATION = ARXIV:0909.1320;%%},
	Title = {{Minimal Z-prime models: Present bounds and early LHC reach}},
	Volume = {11},
	Year = {2009},
	Bdsk-Url-1 = {https://doi.org/10.1088/1126-6708/2009/11/068}}

@article{Harris:2011bh,
	Archiveprefix = {arXiv},
	Author = {Harris, Robert M. and Kousouris, Konstantinos},
	Doi = {10.1142/S0217751X11054905},
	Eprint = {1110.5302},
	Journal = {Int. J. Mod. Phys.},
	Pages = {5005-5055},
	Primaryclass = {hep-ex},
	Reportnumber = {FERMILAB-PUB-11-567, CERN-OPEN-2011-044},
	Slaccitation = {%%CITATION = ARXIV:1110.5302;%%},
	Title = {{Searches for Dijet Resonances at Hadron Colliders}},
	Volume = {A26},
	Year = {2011},
	Bdsk-Url-1 = {https://doi.org/10.1142/S0217751X11054905}}

@article{Boelaert:2009jm,
	Archiveprefix = {arXiv},
	Author = {Boelaert, Nele and Akesson, Torsten},
	Doi = {10.1140/epjc/s10052-010-1268-8},
	Eprint = {0905.3961},
	Journal = {Eur. Phys. J.},
	Pages = {343-357},
	Primaryclass = {hep-ph},
	Slaccitation = {%%CITATION = ARXIV:0905.3961;%%},
	Title = {{Dijet angular distributions at s$^{1/2}$ =14 TeV}},
	Volume = {C66},
	Year = {2010},
	Bdsk-Url-1 = {https://doi.org/10.1140/epjc/s10052-010-1268-8}}

@article{Lee:1973iz,
	Author = {Lee, T. D.},
	Doi = {10.1103/PhysRevD.8.1226},
	Journal = {Phys. Rev.},
	Note = {[,516(1973)]},
	Pages = {1226-1239},
	Slaccitation = {%%CITATION = PHRVA,D8,1226;%%},
	Title = {{A Theory of Spontaneous T Violation}},
	Volume = {D8},
	Year = {1973},
	Bdsk-Url-1 = {https://doi.org/10.1103/PhysRevD.8.1226}}

@article{Hill:1994hp,
	Archiveprefix = {arXiv},
	Author = {Hill, Christopher T.},
	Doi = {10.1016/0370-2693(94)01660-5},
	Eprint = {hep-ph/9411426},
	Journal = {Phys. Lett.},
	Pages = {483-489},
	Primaryclass = {hep-ph},
	Reportnumber = {FERMILAB-PUB-94-395-T},
	Slaccitation = {%%CITATION = HEP-PH/9411426;%%},
	Title = {{Topcolor assisted technicolor}},
	Volume = {B345},
	Year = {1995},
	Bdsk-Url-1 = {https://doi.org/10.1016/0370-2693(94)01660-5}}

@article{Kaplan:1983sm,
	Author = {Kaplan, David B. and Georgi, Howard and Dimopoulos, Savas},
	Doi = {10.1016/0370-2693(84)91178-X},
	Journal = {Phys. Lett.},
	Pages = {187-190},
	Reportnumber = {HUTP-83/A079},
	Slaccitation = {%%CITATION = PHLTA,136B,187;%%},
	Title = {{Composite Higgs Scalars}},
	Volume = {136B},
	Year = {1984},
	Bdsk-Url-1 = {https://doi.org/10.1016/0370-2693(84)91178-X}}

@article{Bellazzini:2014yua,
	Archiveprefix = {arXiv},
	Author = {{Brando Bellazzini and Csaba Cs\'aki and Javi Serra}},
	Date-Modified = {2018-11-22 10:44:19 +0100},
	Doi = {10.1140/epjc/s10052-014-2766-x},
	Eprint = {1401.2457},
	Journal = {Eur. Phys. J.},
	Number = {5},
	Pages = {2766},
	Primaryclass = {hep-ph},
	Slaccitation = {%%CITATION = ARXIV:1401.2457;%%},
	Title = {{Composite Higgses}},
	Volume = {C74},
	Year = {2014},
	Bdsk-Url-1 = {https://doi.org/10.1140/epjc/s10052-014-2766-x}}

@article{Pomarol:1999ad,
	Archiveprefix = {arXiv},
	Author = {Pomarol, Alex},
	Doi = {10.1016/S0370-2693(00)00737-1},
	Eprint = {hep-ph/9911294},
	Journal = {Phys. Lett.},
	Pages = {153-157},
	Primaryclass = {hep-ph},
	Reportnumber = {CERN-TH-99-341},
	Slaccitation = {%%CITATION = HEP-PH/9911294;%%},
	Title = {{Gauge bosons in a five-dimensional theory with localized gravity}},
	Volume = {B486},
	Year = {2000},
	Bdsk-Url-1 = {https://doi.org/10.1016/S0370-2693(00)00737-1}}

@article{Baur:1987ga,
	Author = {Baur, U. and Hinchliffe, I. and Zeppenfeld, D.},
	Booktitle = {{Workshop: From Colliders to Super Colliders Madison, Wisconsin, May 11-22, 1987}},
	Doi = {10.1142/S0217751X87000661},
	Journal = {Int. J. Mod. Phys.},
	Pages = {1285},
	Reportnumber = {FERMILAB-CONF-87-102-T, MAD-PH-354, LBL-23645},
	Slaccitation = {%%CITATION = IMPAE,A2,1285;%%},
	Title = {{Excited Quark Production at Hadron Colliders}},
	Volume = {A2},
	Year = {1987},
	Bdsk-Url-1 = {https://doi.org/10.1142/S0217751X87000661}}

@misc{Aad:2009wy,
	Archiveprefix = {arXiv},
	Author = {Aad, G. and others},
	Collaboration = {ATLAS},
	Eprint = {0901.0512},
	Howpublished = {CERN-OPEN-2008-020},
	Primaryclass = {hep-ex},
	Reportnumber = {SLAC-R-980, CERN-OPEN-2008-020},
	Slaccitation = {%%CITATION = ARXIV:0901.0512;%%},
	Title = {{Expected Performance of the ATLAS Experiment - Detector, Trigger and Physics}},
	Year = {2009}}

@techreport{ATL-PHYS-PUB-2014-021,
	Address = {Geneva},
	Author = {{ATLAS Collaboration}},
	Institution = {CERN},
	Month = {Nov},
	Number = {ATL-PHYS-PUB-2014-021},
	Reportnumber = {ATL-PHYS-PUB-2014-021},
	Title = {{ATLAS Run 1 Pythia8 tunes}},
	Url = {http://cds.cern.ch/record/1966419},
	Year = {2014},
	Bdsk-Url-1 = {http://cds.cern.ch/record/1966419}}

@article{Aad:2015ydr,
	Archiveprefix = {arXiv},
	Author = {Aad, Georges and others},
	Collaboration = {ATLAS},
	Doi = {10.1088/1748-0221/11/04/P04008},
	Eprint = {1512.01094},
	Journal = {JINST},
	Number = {04},
	Pages = {P04008},
	Primaryclass = {hep-ex},
	Reportnumber = {CERN-PH-EP-2015-216},
	Slaccitation = {%%CITATION = ARXIV:1512.01094;%%},
	Title = {{Performance of $b$-Jet Identification in the ATLAS Experiment}},
	Volume = {11},
	Year = {2016},
	Bdsk-Url-1 = {https://doi.org/10.1088/1748-0221/11/04/P04008}}

@article{2016229,
	Author = {Aad, Georges and others},
	Collaboration = {ATLAS},
	Doi = {https://doi.org/10.1016/j.physletb.2016.05.064},
	Issn = {0370-2693},
	Journal = {Physics Letters B},
	Number = {Supplement C},
	Pages = {229 - 246},
	Title = {Search for resonances in the mass distribution of jet pairs with one or two jets identified as b-jets in proton--proton collisions at s=13TeV with the ATLAS detector},
	Url = {http://www.sciencedirect.com/science/article/pii/S0370269316302118},
	Volume = {759},
	Year = {2016},
	Bdsk-Url-1 = {http://www.sciencedirect.com/science/article/pii/S0370269316302118},
	Bdsk-Url-2 = {https://doi.org/10.1016/j.physletb.2016.05.064}}

@article{ATLAS:2015nsi,
	Archiveprefix = {arXiv},
	Author = {Aad, Georges and others},
	Collaboration = {ATLAS},
	Doi = {10.1016/j.physletb.2016.01.032},
	Eprint = {1512.01530},
	Journal = {Phys. Lett.},
	Pages = {302-322},
	Primaryclass = {hep-ex},
	Reportnumber = {CERN-PH-EP-2015-311},
	Slaccitation = {%%CITATION = ARXIV:1512.01530;%%},
	Title = {{Search for new phenomena in dijet mass and angular distributions from $pp$ collisions at $\sqrt{s}=$ 13 TeV with the ATLAS detector}},
	Volume = {B754},
	Year = {2016},
	Bdsk-Url-1 = {https://doi.org/10.1016/j.physletb.2016.01.032}}

@article{Chatrchyan:2013qha,
	Archiveprefix = {arXiv},
	Author = {Chatrchyan, Serguei and others},
	Collaboration = {CMS},
	Date-Modified = {2018-11-16 15:41:55 +0100},
	Doi = {10.1103/PhysRevD.87.114015},
	Eprint = {1302.4794},
	Journal = {Phys. Rev.},
	Number = {11},
	Pages = {114015},
	Primaryclass = {hep-ex},
	Reportnumber = {CMS-EXO-12-016, CERN-PH-EP-2013-015},
	Slaccitation = {%%CITATION = ARXIV:1302.4794;%%},
	Title = {{Search for narrow resonances using the dijet mass spectrum in pp collisions at $\sqrt{s}=8$ TeV}},
	Volume = {D87},
	Year = {2013},
	Bdsk-Url-1 = {https://doi.org/10.1103/PhysRevD.87.114015}}

@article{Khachatryan:2010jd,
	Archiveprefix = {arXiv},
	Author = {Khachatryan, Vardan and others},
	Collaboration = {CMS},
	Doi = {10.1103/PhysRevLett.105.211801, 10.1103/PhysRevLett.106.029902},
	Eprint = {1010.0203},
	Journal = {Phys. Rev. Lett.},
	Pages = {211801},
	Primaryclass = {hep-ex},
	Reportnumber = {CMS-EXO-10-010, CERN-PH-EP-2010-035},
	Slaccitation = {%%CITATION = ARXIV:1010.0203;%%},
	Title = {{Search for Dijet Resonances in 7 TeV pp Collisions at CMS}},
	Volume = {105},
	Year = {2010},
	Bdsk-Url-1 = {https://doi.org/10.1103/PhysRevLett.105.211801}}

@article{Aad:2015xis,
	Archiveprefix = {arXiv},
	Author = {Aad, Georges and others},
	Collaboration = {ATLAS},
	Doi = {10.1016/j.physletb.2016.01.028},
	Eprint = {1511.00502},
	Journal = {Phys. Lett.},
	Pages = {214-234},
	Primaryclass = {hep-ex},
	Reportnumber = {CERN-PH-EP-2015-227},
	Slaccitation = {%%CITATION = ARXIV:1511.00502;%%},
	Title = {{Dijet production in $\sqrt{s}=$ 7 TeV $pp$ collisions with large rapidity gaps at the ATLAS experiment}},
	Volume = {B754},
	Year = {2016},
	Bdsk-Url-1 = {https://doi.org/10.1016/j.physletb.2016.01.028}}

@article{Chekanov:2014fga,
	Archiveprefix = {arXiv},
	Author = {Chekanov, S. V.},
	Doi = {10.1155/2015/136093},
	Eprint = {1403.1886},
	Journal = {Adv. High Energy Phys.},
	Note = {\url{http://atlaswww.hep.anl.gov/hepsim/}},
	Pages = {136093},
	Primaryclass = {hep-ph},
	Slaccitation = {%%CITATION = ARXIV:1403.1886;%%},
	Title = {{HepSim}: a repository with predictions for high-energy physics experiments},
	Volume = {2015},
	Year = {2015},
	Bdsk-Url-1 = {https://doi.org/10.1155/2015/136093}}

@article{Aaij:2017rft,
	Archiveprefix = {arXiv},
	Author = {Aaij, Roel and others},
	Collaboration = {LHCb},
	Doi = {10.1103/PhysRevLett.120.061801},
	Eprint = {1710.02867},
	Journal = {Phys. Rev. Lett.},
	Number = {6},
	Pages = {061801},
	Primaryclass = {hep-ex},
	Reportnumber = {LHCB-PAPER-2017-038, CERN-EP-2017-248},
	Slaccitation = {%%CITATION = ARXIV:1710.02867;%%},
	Title = {{Search for Dark Photons Produced in 13 TeV $pp$ Collisions}},
	Volume = {120},
	Year = {2018},
	Bdsk-Url-1 = {https://doi.org/10.1103/PhysRevLett.120.061801}}

@article{Chatrchyan:2012am,
	Archiveprefix = {arXiv},
	Author = {Chatrchyan, Serguei and others},
	Collaboration = {CMS},
	Doi = {10.1103/PhysRevLett.109.121801},
	Eprint = {1206.6326},
	Journal = {Phys. Rev. Lett.},
	Pages = {121801},
	Primaryclass = {hep-ex},
	Reportnumber = {CMS-HIG-12-004, CERN-PH-EP-2012-176},
	Slaccitation = {%%CITATION = ARXIV:1206.6326;%%},
	Title = {{Search for a light pseudoscalar Higgs boson in the dimuon decay channel in $pp$ collisions at $\sqrt{s}=7$ TeV}},
	Volume = {109},
	Year = {2012},
	Bdsk-Url-1 = {https://doi.org/10.1103/PhysRevLett.109.121801}}

@article{Belyaev:2016ftv,
	Archiveprefix = {arXiv},
	Author = {Belyaev, Alexander and Cacciapaglia, Giacomo and Cai, Haiying and Ferretti, Gabriele and Flacke, Thomas and Parolini, Alberto and Serodio, Hugo},
	Doi = {10.1007/JHEP01(2017)094, 10.1007/JHEP12(2017)088},
	Eprint = {1610.06591},
	Journal = {JHEP},
	Note = {[Erratum: JHEP12,088(2017)]},
	Pages = {094},
	Primaryclass = {hep-ph},
	Reportnumber = {CTPU-16-24, LU-TP-16-56, LYCEN-2016-08},
	Slaccitation = {%%CITATION = ARXIV:1610.06591;%%},
	Title = {{Di-boson signatures as Standard Candles for Partial Compositeness}},
	Volume = {01},
	Year = {2017},
	Bdsk-Url-1 = {https://doi.org/10.1007/JHEP01(2017)094}}

@article{Bennett:2017kga,
	Archiveprefix = {arXiv},
	Author = {Bennett, Ed and Hong, Deog Ki and Lee, Jong-Wan and Lin, C. -J. David and Lucini, Biagio and Piai, Maurizio and Vadacchino, Davide},
	Doi = {10.1007/JHEP03(2018)185},
	Eprint = {1712.04220},
	Journal = {JHEP},
	Pages = {185},
	Primaryclass = {hep-lat},
	Reportnumber = {PNUTP-17-A07},
	Slaccitation = {%%CITATION = ARXIV:1712.04220;%%},
	Title = {{Sp(4) gauge theory on the lattice: towards SU(4)/Sp(4) composite Higgs (and beyond)}},
	Volume = {03},
	Year = {2018},
	Bdsk-Url-1 = {https://doi.org/10.1007/JHEP03(2018)185}}

@article{Ayyar:2018zuk,
	Archiveprefix = {arXiv},
	Author = {Ayyar, Venkitesh and Degrand, Thomas and Hackett, Daniel C. and Jay, William I. and Neil, Ethan T. and Shamir, Yigal and Svetitsky, Benjamin},
	Doi = {10.1103/PhysRevD.97.114505},
	Eprint = {1801.05809},
	Journal = {Phys. Rev.},
	Pages = {114505},
	Primaryclass = {hep-ph},
	Slaccitation = {%%CITATION = ARXIV:1801.05809;%%},
	Title = {{Baryon spectrum of SU(4) composite Higgs theory with two distinct fermion representations}},
	Volume = {D97},
	Year = {2018},
	Bdsk-Url-1 = {https://doi.org/10.1103/PhysRevD.97.114505}}

@article{Rizzo:2014xma,
	Archiveprefix = {arXiv},
	Author = {Rizzo, Thomas G.},
	Doi = {10.1103/PhysRevD.89.095022},
	Eprint = {1403.5465},
	Journal = {Phys. Rev.},
	Number = {9},
	Pages = {095022},
	Primaryclass = {hep-ph},
	Reportnumber = {SLAC-PUB-15917},
	Slaccitation = {%%CITATION = ARXIV:1403.5465;%%},
	Title = {{Exploring new gauge bosons at a 100 TeV collider}},
	Volume = {D89},
	Year = {2014},
	Bdsk-Url-1 = {https://doi.org/10.1103/PhysRevD.89.095022}}

@article{Han:2013mra,
	Archiveprefix = {arXiv},
	Author = {Han, Tao and Langacker, Paul and Liu, Zhen and Wang, Lian-Tao},
	Eprint = {1308.2738},
	Primaryclass = {hep-ph},
	Slaccitation = {%%CITATION = ARXIV:1308.2738;%%},
	Title = {{Diagnosis of a New Neutral Gauge Boson at the LHC and ILC for Snowmass 2013}},
	Year = {2013}}

@article{Han:2010rf,
	Archiveprefix = {arXiv},
	Author = {Han, Tao and Lewis, Ian and Liu, Zhen},
	Doi = {10.1007/JHEP12(2010)085},
	Eprint = {1010.4309},
	Journal = {JHEP},
	Pages = {085},
	Primaryclass = {hep-ph},
	Reportnumber = {MADPH-10-1563},
	Slaccitation = {%%CITATION = ARXIV:1010.4309;%%},
	Title = {{Colored Resonant Signals at the LHC: Largest Rate and Simplest Topology}},
	Volume = {12},
	Year = {2010},
	Bdsk-Url-1 = {https://doi.org/10.1007/JHEP12(2010)085}}

@article{Chivukula:1990di,
	Author = {Chivukula, R. Sekhar and Golden, Mitchell and Simmons, Elizabeth H.},
	Doi = {10.1016/0370-2693(91)91915-I},
	Journal = {Phys. Lett.},
	Pages = {403-408},
	Reportnumber = {HUTP-90-A078, BUHEP-90-33},
	Slaccitation = {%%CITATION = PHLTA,B257,403;%%},
	Title = {{Six jet signals of highly colored fermions}},
	Volume = {B257},
	Year = {1991},
	Bdsk-Url-1 = {https://doi.org/10.1016/0370-2693(91)91915-I}}

@article{Manohar:2006ga,
	Archiveprefix = {arXiv},
	Author = {Manohar, Aneesh V. and Wise, Mark B.},
	Doi = {10.1103/PhysRevD.74.035009},
	Eprint = {hep-ph/0606172},
	Journal = {Phys. Rev.},
	Pages = {035009},
	Primaryclass = {hep-ph},
	Reportnumber = {UCSD-PTH-06-07, CALT-68-2601},
	Slaccitation = {%%CITATION = HEP-PH/0606172;%%},
	Title = {{Flavor changing neutral currents, an extended scalar sector, and the Higgs production rate at the CERN LHC}},
	Volume = {D74},
	Year = {2006},
	Bdsk-Url-1 = {https://doi.org/10.1103/PhysRevD.74.035009}}

@article{Arnold:2009ay,
	Archiveprefix = {arXiv},
	Author = {Arnold, Jonathan M. and Pospelov, Maxim and Trott, Michael and Wise, Mark B.},
	Doi = {10.1007/JHEP01(2010)073},
	Eprint = {0911.2225},
	Journal = {JHEP},
	Pages = {073},
	Primaryclass = {hep-ph},
	Reportnumber = {PI-REPORT-164, CALT-68-2759, PI-REPORT-#164},
	Slaccitation = {%%CITATION = ARXIV:0911.2225;%%},
	Title = {{Scalar Representations and Minimal Flavor Violation}},
	Volume = {01},
	Year = {2010},
	Bdsk-Url-1 = {https://doi.org/10.1007/JHEP01(2010)073}}

@misc{hlhelhc_web,
	Note = {\url{https://twiki.cern.ch/twiki/bin/view/LHCPhysics/HLHELHCWorkshop}},
	Title = {High Energy LHC main page},
	Year = {2018}}

@misc{fccsw_web,
	Note = {\url{http://fccsw.web.cern.ch/fccsw/}},
	Title = {FCCSW main page},
	Year = {2018}}

@article{CMS:2017zzj,
	Author = {CMS Collaboration},
	Collaboration = {CMS},
	Reportnumber = {CMS-PAS-SMP-16-007},
	Slaccitation = {%%CITATION = CMS-PAS-SMP-16-007;%%},
	Title = {{Measurement of the weak mixing angle with the forward-backward asymmetry of Drell-Yan events at 8 TeV}},
	Year = {2017}}

@article{HiggsDiscoveryAtlas,
	Archiveprefix = {arXiv},
	Author = {Aad, Georges and others},
	Collaboration = {ATLAS},
	Doi = {10.1016/j.physletb.2012.08.020},
	Eprint = {1207.7214},
	Journal = {Phys. Lett. B},
	Pages = {01},
	Primaryclass = {hep-ex},
	Reportnumber = {CERN-PH-EP-2012-218},
	Slaccitation = {%%CITATION = ARXIV:1207.7214;%%},
	Title = {{Observation of a new particle in the search for the Standard Model Higgs boson with the ATLAS detector at the LHC}},
	Volume = {716},
	Year = {2012},
	Bdsk-Url-1 = {https://doi.org/10.1016/j.physletb.2012.08.020}}

@article{HiggsDiscoveryCMS,
	Archiveprefix = {arXiv},
	Author = {Chatrchyan, Serguei and others},
	Collaboration = {CMS},
	Doi = {10.1016/j.physletb.2012.08.021},
	Eprint = {1207.7235},
	Journal = {Phys. Lett. B},
	Pages = {30},
	Primaryclass = {hep-ex},
	Reportnumber = {CMS-HIG-12-028, CERN-PH-EP-2012-220},
	Slaccitation = {%%CITATION = ARXIV:1207.7235;%%},
	Title = {{Observation of a new boson at a mass of 125 GeV with the CMS experiment at the LHC}},
	Volume = {716},
	Year = {2012},
	Bdsk-Url-1 = {https://doi.org/10.1016/j.physletb.2012.08.021}}

@article{CMSHiggsLongPaper,
	Archiveprefix = {arXiv},
	Author = {Chatrchyan, Serguei and others},
	Collaboration = {CMS},
	Doi = {10.1007/JHEP06(2013)081},
	Eprint = {1303.4571},
	Journal = {JHEP},
	Pages = {081},
	Primaryclass = {hep-ex},
	Reportnumber = {CMS-HIG-12-036, CERN-PH-EP-2013-035},
	Slaccitation = {%%CITATION = ARXIV:1303.4571;%%},
	Title = {{Observation of a new boson with mass near 125 GeV in pp collisions at $\sqrt{s}$ = 7 and 8 TeV}},
	Volume = {06},
	Year = {2013},
	Bdsk-Url-1 = {https://doi.org/10.1007/JHEP06(2013)081}}

@article{Randall:1999ee,
	Archiveprefix = {arXiv},
	Author = {Randall, Lisa and Sundrum, Raman},
	Doi = {10.1103/PhysRevLett.83.3370},
	Eprint = {hep-ph/9905221},
	Journal = {Phys. Rev. Lett.},
	Pages = {3370},
	Primaryclass = {hep-ph},
	Reportnumber = {MIT-CTP-2860, PUPT-1860, BUHEP-99-9},
	Slaccitation = {%%CITATION = HEP-PH/9905221;%%},
	Title = {{A large mass hierarchy from a small extra dimension}},
	Volume = {83},
	Year = {1999},
	Bdsk-Url-1 = {https://doi.org/10.1103/PhysRevLett.83.3370}}

@article{Goldberger:1999uk,
	Archiveprefix = {arXiv},
	Author = {Goldberger, Walter D. and Wise, Mark B.},
	Doi = {10.1103/PhysRevLett.83.4922},
	Eprint = {hep-ph/9907447},
	Journal = {Phys. Rev. Lett.},
	Pages = {4922},
	Primaryclass = {hep-ph},
	Reportnumber = {CALT-68-2232},
	Slaccitation = {%%CITATION = HEP-PH/9907447;%%},
	Title = {{Modulus stabilization with bulk fields}},
	Volume = {83},
	Year = {1999},
	Bdsk-Url-1 = {https://doi.org/10.1103/PhysRevLett.83.4922}}

@article{Csaki:1999mp,
	Archiveprefix = {arXiv},
	Author = {Csaki, Csaba and Graesser, Michael and Randall, Lisa and Terning, John},
	Doi = {10.1103/PhysRevD.62.045015},
	Eprint = {hep-ph/9911406},
	Journal = {Phys. Rev. D},
	Pages = {045015},
	Primaryclass = {hep-ph},
	Reportnumber = {SCIPP-99-49, HUTP-A061, NSF-ITP-99-130},
	Slaccitation = {%%CITATION = HEP-PH/9911406;%%},
	Title = {{Cosmology of brane models with radion stabilization}},
	Volume = {62},
	Year = {2000},
	Bdsk-Url-1 = {https://doi.org/10.1103/PhysRevD.62.045015}}

@article{Csaki:2000zn,
	Archiveprefix = {arXiv},
	Author = {Csaki, Csaba and Graesser, Michael L. and Kribs, Graham D.},
	Doi = {10.1103/PhysRevD.63.065002},
	Eprint = {hep-th/0008151},
	Journal = {Phys. Rev. D},
	Pages = {065002},
	Primaryclass = {hep-th},
	Reportnumber = {SCIPP-00-27},
	Slaccitation = {%%CITATION = HEP-TH/0008151;%%},
	Title = {{Radion dynamics and electroweak physics}},
	Volume = {63},
	Year = {2001},
	Bdsk-Url-1 = {https://doi.org/10.1103/PhysRevD.63.065002}}

@article{Davoudiasl:1999jd,
	Archiveprefix = {arXiv},
	Author = {Davoudiasl, H. and Hewett, J. L. and Rizzo, T. G.},
	Doi = {10.1103/PhysRevLett.84.2080},
	Eprint = {hep-ph/9909255},
	Journal = {Phys. Rev. Lett.},
	Pages = {2080},
	Primaryclass = {hep-ph},
	Reportnumber = {SLAC-PUB-8241},
	Slaccitation = {%%CITATION = HEP-PH/9909255;%%},
	Title = {Phenomenology of the {Randall-Sundrum} Gauge Hierarchy Model},
	Volume = {84},
	Year = {2000},
	Bdsk-Url-1 = {https://doi.org/10.1103/PhysRevLett.84.2080}}

@article{DeWolfe:1999cp,
	Archiveprefix = {arXiv},
	Author = {DeWolfe, O. and Freedman, D. Z. and Gubser, S. S. and Karch, A.},
	Doi = {10.1103/PhysRevD.62.046008},
	Eprint = {hep-th/9909134},
	Journal = {Phys. Rev. D},
	Pages = {046008},
	Primaryclass = {hep-th},
	Reportnumber = {HUTP-99-A048, MIT-CTP-2903},
	Slaccitation = {%%CITATION = HEP-TH/9909134;%%},
	Title = {{Modeling the fifth dimension with scalars and gravity}},
	Volume = {62},
	Year = {2000},
	Bdsk-Url-1 = {https://doi.org/10.1103/PhysRevD.62.046008}}

@article{Agashe:2007zd,
	Archiveprefix = {arXiv},
	Author = {Agashe, Kaustubh and Davoudiasl, Hooman and Perez, Gilad and Soni, Amarjit},
	Doi = {10.1103/PhysRevD.76.036006},
	Eprint = {hep-ph/0701186},
	Journal = {Phys. Rev. D},
	Pages = {036006},
	Primaryclass = {hep-ph},
	Reportnumber = {SU-4252-843, BNL-HET-07-3, YITP-SB-07-02},
	Slaccitation = {%%CITATION = HEP-PH/0701186;%%},
	Title = {Warped gravitons at the {LHC} and beyond},
	Volume = {76},
	Year = {2007},
	Bdsk-Url-1 = {https://doi.org/10.1103/PhysRevD.76.036006}}

@article{Branco:2011iw,
	Archiveprefix = {arXiv},
	Author = {Branco, G. C. and Ferreira, P. M. and Lavoura, L. and Rebelo, M. N. and Sher, Marc and Jo{\~a}o P. Silva},
	Doi = {10.1016/j.physrep.2012.02.002},
	Eprint = {1106.0034},
	Journal = {Phys. Rept.},
	Pages = {01},
	Primaryclass = {hep-ph},
	Slaccitation = {%%CITATION = ARXIV:1106.0034;%%},
	Title = {{Theory and phenomenology of two-Higgs-doublet models}},
	Volume = {516},
	Year = {2012},
	Bdsk-Url-1 = {https://doi.org/10.1016/j.physrep.2012.02.002}}

@article{GEORGI1985463,
	Author = {Howard Georgi and Marie Machacek},
	Doi = {=10.1016/0550-3213(85)90325-6},
	Issn = {0550-3213},
	Journal = {Nuclear Physics B},
	Pages = {463},
	Title = {Doubly charged {H}iggs bosons},
	Volume = {262},
	Year = {1985},
	Bdsk-Url-1 = {https://doi.org/10.1016/0550-3213(85)90325-6}}

@article{Aad:2014yja,
	Archiveprefix = {arXiv},
	Author = {Aad, Georges and others},
	Collaboration = {ATLAS},
	Doi = {10.1103/PhysRevLett.114.081802},
	Eprint = {1406.5053},
	Journal = {Phys. Rev. Lett.},
	Pages = {081802},
	Primaryclass = {hep-ex},
	Reportnumber = {CERN-PH-EP-2014-113},
	Slaccitation = {%%CITATION = ARXIV:1406.5053;%%},
	Title = {Search For {Higgs} Boson Pair Production in the $\gamma\gamma b\bar{b}$ Final State using $pp$ Collision Data at {$\sqrt{s}=8$ TeV} from the {ATLAS} Detector},
	Volume = {114},
	Year = {2015},
	Bdsk-Url-1 = {https://doi.org/10.1103/PhysRevLett.114.081802}}

@article{Aad:2015uka,
	Archiveprefix = {arXiv},
	Author = {Aad, Georges and others},
	Collaboration = {ATLAS},
	Doi = {10.1140/epjc/s10052-015-3628-x},
	Eprint = {1506.00285},
	Journal = {Eur. Phys. J. C},
	Pages = {412},
	Primaryclass = {hep-ex},
	Reportnumber = {CERN-PH-EP-2015-099},
	Slaccitation = {%%CITATION = ARXIV:1506.00285;%%},
	Title = {{Search for Higgs boson pair production in the $b\bar{b}b\bar{b}$ final state from pp collisions at $\sqrt{s} = 8$ TeV with the ATLAS detector}},
	Volume = {75},
	Year = {2015},
	Bdsk-Url-1 = {https://doi.org/10.1140/epjc/s10052-015-3628-x}}

@article{Aad:2015xja,
	Archiveprefix = {arXiv},
	Author = {Aad, Georges and others},
	Collaboration = {ATLAS},
	Doi = {10.1103/PhysRevD.92.092004},
	Eprint = {1509.04670},
	Journal = {Phys. Rev. D},
	Pages = {092004},
	Primaryclass = {hep-ex},
	Reportnumber = {CERN-PH-EP-2015-225},
	Slaccitation = {%%CITATION = ARXIV:1509.04670;%%},
	Title = {{Searches for Higgs boson pair production in the $hh\to bb\tau\tau, \gamma\gamma WW^*, \gamma\gamma bb, bbbb$ channels with the ATLAS detector}},
	Volume = {92},
	Year = {2015},
	Bdsk-Url-1 = {https://doi.org/10.1103/PhysRevD.92.092004}}

@article{Khachatryan:2014jya,
	Archiveprefix = {arXiv},
	Author = {Khachatryan, Vardan and others},
	Collaboration = {CMS},
	Doi = {10.1103/PhysRevD.90.112013},
	Eprint = {1410.2751},
	Journal = {Phys. Rev. D},
	Pages = {112013},
	Primaryclass = {hep-ex},
	Reportnumber = {CMS-HIG-13-025, CERN-PH-EP-2014-239},
	Slaccitation = {%%CITATION = ARXIV:1410.2751;%%},
	Title = {{Searches for heavy Higgs bosons in two-Higgs-doublet models and for $t \rightarrow ch$ decay using multilepton and diphoton final states in $pp$ collisions at 8 TeV}},
	Volume = {90},
	Year = {2014},
	Bdsk-Url-1 = {https://doi.org/10.1103/PhysRevD.90.112013}}

@article{Khachatryan:2015year,
	Archiveprefix = {arXiv},
	Author = {Khachatryan, Vardan and others},
	Collaboration = {CMS},
	Doi = {10.1016/j.physletb.2015.08.047},
	Eprint = {1503.04114},
	Journal = {Phys. Lett. B},
	Pages = {560},
	Primaryclass = {hep-ex},
	Reportnumber = {CMS-HIG-14-013, CERN-PH-EP-2015-042},
	Slaccitation = {%%CITATION = ARXIV:1503.04114;%%},
	Title = {{Search for resonant pair production of Higgs bosons decaying to two bottom quark-antiquark pairs in proton-proton collisions at 8 TeV}},
	Volume = {749},
	Year = {2015},
	Bdsk-Url-1 = {https://doi.org/10.1016/j.physletb.2015.08.047}}

@article{Khachatryan:2015tha,
	Archiveprefix = {arXiv},
	Author = {Khachatryan, Vardan and others},
	Collaboration = {CMS},
	Doi = {10.1016/j.physletb.2016.01.056},
	Eprint = {1510.01181},
	Journal = {Phys. Lett. B},
	Pages = {217},
	Primaryclass = {hep-ex},
	Reportnumber = {CMS-HIG-14-034, CERN-PH-EP-2015-211},
	Slaccitation = {%%CITATION = ARXIV:1510.01181;%%},
	Title = {{Searches for a heavy scalar boson H decaying to a pair of 125 GeV Higgs bosons hh or for a heavy pseudoscalar boson A decaying to Zh, in the final states with $\text{h} \to \tau \tau$}},
	Volume = {755},
	Year = {2016},
	Bdsk-Url-1 = {https://doi.org/10.1016/j.physletb.2016.01.056}}

@article{Khachatryan:2016sey,
	Archiveprefix = {arXiv},
	Author = {Khachatryan, Vardan and others},
	Collaboration = {CMS},
	Doi = {10.1103/PhysRevD.94.052012},
	Eprint = {1603.06896},
	Journal = {Phys. Rev. D},
	Pages = {052012},
	Primaryclass = {hep-ex},
	Reportnumber = {CMS-HIG-13-032, CERN-EP-2016-050},
	Slaccitation = {%%CITATION = ARXIV:1603.06896;%%},
	Title = {{Search for two Higgs bosons in final states containing two photons and two bottom quarks in proton-proton collisions at 8 TeV}},
	Volume = {94},
	Year = {2016},
	Bdsk-Url-1 = {https://doi.org/10.1103/PhysRevD.94.052012}}

@article{Khachatryan:2016cfa,
	Archiveprefix = {arXiv},
	Author = {Khachatryan, Vardan and others},
	Collaboration = {CMS},
	Doi = {10.1140/epjc/s10052-016-4206-6},
	Eprint = {1602.08762},
	Journal = {Eur. Phys. J. C},
	Pages = {371},
	Primaryclass = {hep-ex},
	Reportnumber = {CMS-EXO-12-053, CERN-EP-2016-041},
	Slaccitation = {%%CITATION = ARXIV:1602.08762;%%},
	Title = {{Search for heavy resonances decaying to two Higgs bosons in final states containing four b quarks}},
	Volume = {76},
	Year = {2016},
	Bdsk-Url-1 = {https://doi.org/10.1140/epjc/s10052-016-4206-6}}

@article{Aaboud:2016xco,
	Archiveprefix = {arXiv},
	Author = {Aaboud, Morad and others},
	Collaboration = {ATLAS},
	Doi = {10.1103/PhysRevD.94.052002},
	Eprint = {1606.04782},
	Journal = {Phys. Rev. D},
	Pages = {052002},
	Primaryclass = {hep-ex},
	Reportnumber = {CERN-EP-2016-142},
	Slaccitation = {%%CITATION = ARXIV:1606.04782;%%},
	Title = {{Search for pair production of Higgs bosons in the $b\bar{b}b\bar{b}$ final state using proton--proton collisions at $\sqrt{s} = 13$ TeV with the ATLAS detector}},
	Volume = {94},
	Year = {2016},
	Bdsk-Url-1 = {https://doi.org/10.1103/PhysRevD.94.052002}}

@article{CMS-B2G-16-026,
	Archiveprefix = {arXiv},
	Author = {{CMS Collaboration}},
	Collaboration = {CMS},
	Doi = {10.1016/j.physletb.2018.03.084},
	Eprint = {1710.04960},
	Journal = {Phys. Lett. B},
	Pages = {244},
	Primaryclass = {hep-ex},
	Reportnumber = {CMS-B2G-16-026, CERN-EP-2017-238},
	Slaccitation = {%%CITATION = ARXIV:1710.04960;%%},
	Title = {{Search for a massive resonance decaying to a pair of Higgs bosons in the four b quark final state in proton-proton collisions at $\sqrt{s}=$ 13\TeV}},
	Volume = {781},
	Year = {2018},
	Bdsk-Url-1 = {https://doi.org/10.1016/j.physletb.2018.03.084}}

@techreport{CMS-B2G-17-019,
	Author = {{CMS Collaboration}},
	Collaboration = {{CMS}},
	Institution = {CERN},
	Reportnumber = {CMS-PAS-B2G-17-019},
	Slaccitation = {%%CITATION = CMS-PAS-B2G-17-019;%%},
	Title = {{Search for resonant and non-resonant production of Higgs boson pairs in the four b quark final state using boosted jets in proton-proton collisions at $\sqrt{s}=13\TeV$}},
	Url = {http://cds.cern.ch/record/2621541},
	Year = {2018},
	Bdsk-Url-1 = {http://cds.cern.ch/record/2621541}}

@article{Giudice:2000av,
	Archiveprefix = {arXiv},
	Author = {Giudice, Gian F. and Rattazzi, Riccardo and Wells, James D.},
	Doi = {10.1016/S0550-3213(00)00686-6},
	Eprint = {hep-ph/0002178},
	Journal = {Nucl. Phys. B},
	Pages = {250},
	Primaryclass = {hep-ph},
	Reportnumber = {CERN-TH-2000-051, SNS-PH-2000-03, UCD-2000-7, LBNL-45201, LBL-45201},
	Slaccitation = {%%CITATION = HEP-PH/0002178;%%},
	Title = {{Graviscalars from higher dimensional metrics and curvature Higgs mixing}},
	Volume = {595},
	Year = {2001},
	Bdsk-Url-1 = {https://doi.org/10.1016/S0550-3213(00)00686-6}}

@article{TheoryReview,
	Archiveprefix = {arXiv},
	Author = {Alexandra Carvalho},
	Eprint = {1404.0102},
	Primaryclass = {hep-ph},
	Title = {Gravity particles from Warped Extra Dimensions, predictions for LHC}}

@techreport{CMS-PAS-FTR-18-003,
	Address = {Geneva},
	Author = {{CMS Collaboration}},
	Collaboration = {{CMS}},
	Institution = {CERN},
	Number = {CMS-PAS-FTR-18-003},
	Reportnumber = {CMS-PAS-FTR-18-003},
	Title = {{Search for vector boson fusion production of a massive resonance decaying to a pair of Higgs bosons in the four b quark final state at the HL-LHC using the CMS Phase 2 detector}},
	Url = {https://cds.cern.ch/record/2628598},
	Year = {2018},
	Bdsk-Url-1 = {https://cds.cern.ch/record/2628598}}

@article{MG5_aMCNLO,
	Archiveprefix = {arXiv},
	Author = {Alwall, J. and Frederix, R. and Frixione, S. and Hirschi, V. and Maltoni, F. and Mattelaer, O. and Shao, H. -S. and Stelzer, T. and Torrielli, P. and Zaro, M.},
	Doi = {10.1007/JHEP07(2014)079},
	Eprint = {1405.0301},
	Journal = {JHEP},
	Pages = {079},
	Primaryclass = {hep-ph},
	Reportnumber = {CERN-PH-TH-2014-064, CP3-14-18, LPN14-066, MCNET-14-09, ZU-TH-14-14},
	Slaccitation = {%%CITATION = ARXIV:1405.0301;%%},
	Title = {{The automated computation of tree-level and next-to-leading order differential cross sections, and their matching to parton shower simulations}},
	Volume = {07},
	Year = {2014},
	Bdsk-Url-1 = {https://doi.org/10.1007/JHEP07(2014)079}}

@article{Ball:2014uwa,
	Archiveprefix = {arXiv},
	Author = {Ball, Richard D. and others},
	Collaboration = {NNPDF},
	Doi = {10.1007/JHEP04(2015)040},
	Eprint = {1410.8849},
	Journal = {JHEP},
	Pages = {040},
	Primaryclass = {hep-ph},
	Reportnumber = {EDINBURGH-2014-15, IFUM-1034-FT, CERN-PH-TH-2013-253, OUTP-14-11P, CAVENDISH-HEP-14-11},
	Slaccitation = {%%CITATION = ARXIV:1410.8849;%%},
	Title = {{Parton distributions for the LHC Run II}},
	Volume = {04},
	Year = {2015},
	Bdsk-Url-1 = {https://doi.org/10.1007/JHEP04(2015)040}}

@article{Harland-Lang:2014zoa,
	Archiveprefix = {arXiv},
	Author = {Harland-Lang, L. A. and Martin, A. D. and Motylinski, P. and Thorne, R. S.},
	Doi = {10.1140/epjc/s10052-015-3397-6},
	Eprint = {1412.3989},
	Journal = {Eur. Phys. J. C},
	Pages = {204},
	Primaryclass = {hep-ph},
	Reportnumber = {LCTS-2014-47, IPPP-14-97, DCPT-14-194},
	Slaccitation = {%%CITATION = ARXIV:1412.3989;%%},
	Title = {{Parton distributions in the LHC era: MMHT 2014 PDFs}},
	Volume = {75},
	Year = {2015},
	Bdsk-Url-1 = {https://doi.org/10.1140/epjc/s10052-015-3397-6}}

@article{Carrazza:2015hva,
	Archiveprefix = {arXiv},
	Author = {Carrazza, Stefano and Latorre, Jos{\'{e}} I. and Rojo, Juan and Watt, Graeme},
	Doi = {10.1140/epjc/s10052-015-3703-3},
	Eprint = {1504.06469},
	Journal = {Eur. Phys. J. C},
	Pages = {474},
	Primaryclass = {hep-ph},
	Reportnumber = {TIF-UNIMI-2015-2, OUTP-15-01P, IPPP-15-22, DCPT-15-44},
	Slaccitation = {%%CITATION = ARXIV:1504.06469;%%},
	Title = {{A compression algorithm for the combination of PDF sets}},
	Volume = {75},
	Year = {2015},
	Bdsk-Url-1 = {https://doi.org/10.1140/epjc/s10052-015-3703-3}}

@article{Butterworth:2015oua,
	Archiveprefix = {arXiv},
	Author = {Butterworth, Jon and others},
	Doi = {10.1088/0954-3899/43/2/023001},
	Eprint = {1510.03865},
	Journal = {J. Phys. G},
	Pages = {023001},
	Primaryclass = {hep-ph},
	Reportnumber = {OUTP-15-17P, SMU-HEP-15-12, TIF-UNIMI-2015-14, LCTS-2015-27, CERN-PH-TH-2015-249},
	Slaccitation = {%%CITATION = ARXIV:1510.03865;%%},
	Title = {{PDF4LHC} recommendations for {LHC Run II}},
	Volume = {43},
	Year = {2016},
	Bdsk-Url-1 = {https://doi.org/10.1088/0954-3899/43/2/023001}}

@article{Buckley:2014ana,
	Archiveprefix = {arXiv},
	Author = {Buckley, Andy and Ferrando, James and Lloyd, Stephen and Nordstr{\"{o}}m, Karl and Page, Ben and R{\"{u}}fenacht, Martin and Sch{\"{o}}nherr, Marek and Watt, Graeme},
	Doi = {10.1140/epjc/s10052-015-3318-8},
	Eprint = {1412.7420},
	Journal = {Eur. Phys. J. C},
	Pages = {132},
	Primaryclass = {hep-ph},
	Reportnumber = {GLAS-PPE-2014-05, MCNET-14-29, IPPP-14-111, DCPT-14-222},
	Slaccitation = {%%CITATION = ARXIV:1412.7420;%%},
	Title = {{LHAPDF6: parton density access in the LHC precision era}},
	Volume = {75},
	Year = {2015},
	Bdsk-Url-1 = {https://doi.org/10.1140/epjc/s10052-015-3318-8}}

@article{Pythia8p2,
	Archiveprefix = {arXiv},
	Author = {Sj{\"{o}}strand, Torbj{\"{o}}rn and Ask, Stefan and Christiansen, Jesper R. and Corke, Richard and Desai, Nishita and Ilten, Philip and Mrenna, Stephen and Prestel, Stefan and Rasmussen, Christine O. and Skands, Peter Z.},
	Doi = {10.1016/j.cpc.2015.01.024},
	Eprint = {1410.3012},
	Journal = {Comput. Phys. Commun.},
	Pages = {159},
	Primaryclass = {hep-ph},
	Reportnumber = {LU-TP-14-36, MCNET-14-22, CERN-PH-TH-2014-190, FERMILAB-PUB-14-316-CD, DESY-14-178, SLAC-PUB-16122},
	Slaccitation = {%%CITATION = ARXIV:1410.3012;%%},
	Title = {{An Introduction to PYTHIA 8.2}},
	Volume = {191},
	Year = {2015},
	Bdsk-Url-1 = {https://doi.org/10.1016/j.cpc.2015.01.024}}

@article{Agostinelli:2002hh,
	Author = {Agostinelli, S. and others},
	Collaboration = {GEANT4},
	Doi = {10.1016/S0168-9002(03)01368-8},
	Journal = {Nucl. Instrum. Meth. A},
	Pages = {250},
	Slaccitation = {%%CITATION = NUIMA,A506,250;%%},
	Title = {{GEANT4}---a simulation toolkit},
	Volume = {506},
	Year = {2003},
	Bdsk-Url-1 = {https://doi.org/10.1016/S0168-9002(03)01368-8}}

@article{GEANT,
	Author = {Allison, John and others},
	Doi = {10.1109/TNS.2006.869826},
	Journal = {IEEE Trans. Nucl. Sci.},
	Pages = {270},
	Reportnumber = {SLAC-PUB-11870},
	Slaccitation = {%%CITATION = IETNA,53,270;%%},
	Title = {{Geant4 developments and applications}},
	Volume = {53},
	Year = {2006},
	Bdsk-Url-1 = {https://doi.org/10.1109/TNS.2006.869826}}

@article{Salam:2009jx,
	Archiveprefix = {arXiv},
	Author = {Salam, Gavin P.},
	Booktitle = {{2008 CTEQ-MCnet Summer School on QCD Phenomenology and Monte Carlo Event Generators (MCnet 08) (CTEQ 08) Debrecen, Hungary, August 8-16, 2008}},
	Doi = {10.1140/epjc/s10052-010-1314-6},
	Eprint = {0906.1833},
	Journal = {Eur. Phys. J. C},
	Pages = {637},
	Primaryclass = {hep-ph},
	Slaccitation = {%%CITATION = ARXIV:0906.1833;%%},
	Title = {Towards jetography},
	Volume = {67},
	Year = {2010},
	Bdsk-Url-1 = {https://doi.org/10.1140/epjc/s10052-010-1314-6}}

@article{Butterworth:2008iy,
	Archiveprefix = {arXiv},
	Author = {Butterworth, Jonathan M. and Davison, Adam R. and Rubin, Mathieu and Salam, Gavin P.},
	Doi = {10.1103/PhysRevLett.100.242001},
	Eprint = {0802.2470},
	Journal = {Phys. Rev. Lett.},
	Pages = {242001},
	Primaryclass = {hep-ph},
	Slaccitation = {%%CITATION = ARXIV:0802.2470;%%},
	Title = {{Jet substructure as a new Higgs search channel at the LHC}},
	Volume = {100},
	Year = {2008},
	Bdsk-Url-1 = {https://doi.org/10.1103/PhysRevLett.100.242001}}

@article{Dasgupta:2013ihk,
	Archiveprefix = {arXiv},
	Author = {Dasgupta, Mrinal and Fregoso, Alessandro and Marzani, Simone and Salam, Gavin P.},
	Doi = {10.1007/JHEP09(2013)029},
	Eprint = {1307.0007},
	Journal = {JHEP},
	Pages = {029},
	Primaryclass = {hep-ph},
	Reportnumber = {CERN-PH-TH-2013-145, DCPT-13-86, IPPP-13-43, LPN13-036, MAN-HEP-2013-12},
	Slaccitation = {%%CITATION = ARXIV:1307.0007;%%},
	Title = {{Towards an understanding of jet substructure}},
	Volume = {09},
	Year = {2013},
	Bdsk-Url-1 = {https://doi.org/10.1007/JHEP09(2013)029}}

@article{Larkoski:2014wba,
	Archiveprefix = {arXiv},
	Author = {Larkoski, Andrew J. and Marzani, Simone and Soyez,Gregory and Thaler, Jesse},
	Doi = {10.1007/JHEP05(2014)146},
	Eprint = {1402.2657},
	Journal = {JHEP},
	Pages = {146},
	Primaryclass = {hep-ph},
	Reportnumber = {MIT-CTP-4531, DCPT-14-24, IPPP-14-12},
	Slaccitation = {%%CITATION = ARXIV:1402.2657;%%},
	Title = {Soft drop},
	Volume = {05},
	Year = {2014},
	Bdsk-Url-1 = {https://doi.org/10.1007/JHEP05(2014)146}}

@techreport{CMS-PAS-JME-16-003,
	Author = {{CMS Collaboration}},
	Collaboration = {CMS},
	Institution = {CERN},
	Number = {CMS-PAS-JME-16-003},
	Reportnumber = {CMS-PAS-JME-16-003},
	Title = {Jet algorithms performance in {13 TeV} data},
	Type = {CMS Physics Analysis Summary},
	Url = {https://cds.cern.ch/record/2256875},
	Year = {2017},
	Bdsk-Url-1 = {https://cds.cern.ch/record/2256875}}

@article{Aad:2015zhl,
	Archiveprefix = {arXiv},
	Author = {{ATLAS and CMS Collaborations}},
	Doi = {10.1103/PhysRevLett.114.191803},
	Eprint = {1503.07589},
	Journal = {Phys. Rev. Lett.},
	Pages = {191803},
	Primaryclass = {hep-ex},
	Reportnumber = {ATLAS-HIGG-2014-14, CMS-HIG-14-042, CERN-PH-EP-2015-075},
	Slaccitation = {%%CITATION = ARXIV:1503.07589;%%},
	Title = {Combined Measurement of the {H}iggs Boson Mass in $pp$ Collisions at $\sqrt{s}=7$ and 8 TeV with the {ATLAS} and {CMS} Experiments},
	Volume = {114},
	Year = {2015},
	Bdsk-Url-1 = {https://doi.org/10.1103/PhysRevLett.114.191803}}

@article{Sirunyan:2017exp,
	Archiveprefix = {arXiv},
	Author = {{CMS Collaboration}},
	Collaboration = {CMS},
	Doi = {10.1007/JHEP11(2017)047},
	Eprint = {1706.09936},
	Journal = {JHEP},
	Pages = {047},
	Primaryclass = {hep-ex},
	Reportnumber = {CMS-HIG-16-041, CERN-EP-2017-123},
	Slaccitation = {%%CITATION = ARXIV:1706.09936;%%},
	Title = {{Measurements of properties of the Higgs boson decaying into the four-lepton final state in pp collisions at $\sqrt{s}=13\TeV$}},
	Volume = {11},
	Year = {2017},
	Bdsk-Url-1 = {https://doi.org/10.1007/JHEP11(2017)047}}

@article{Thaler:2010tr,
	Archiveprefix = {arXiv},
	Author = {Thaler, Jesse and Van Tilburg, Ken},
	Doi = {10.1007/JHEP03(2011)015},
	Eprint = {1011.2268},
	Journal = {JHEP},
	Pages = {015},
	Primaryclass = {hep-ph},
	Reportnumber = {MIT-CTP-4191},
	Slaccitation = {%%CITATION = ARXIV:1011.2268;%%},
	Title = {{Identifying Boosted Objects with N-subjettiness}},
	Volume = {03},
	Year = {2011},
	Bdsk-Url-1 = {https://doi.org/10.1007/JHEP03(2011)015}}

@techreport{ATLAS-CONF-2016-049,
	Address = {Geneva},
	Author = {{ATLAS Collaboration}},
	Collaboration = {{ATLAS}},
	Institution = {CERN},
	Month = {Aug},
	Number = {ATLAS-CONF-2016-049},
	Reportnumber = {ATLAS-CONF-2016-049},
	Title = {{Search for pair production of Higgs bosons in the $b\bar{b}b\bar{b}$ final state using proton$-$proton collisions at $\sqrt{s} = 13\TeV$ with the ATLAS detector}},
	Url = {https://cds.cern.ch/record/2206131},
	Year = {2016},
	Bdsk-Url-1 = {https://cds.cern.ch/record/2206131}}

@article{Kramer:2004df,
	Archiveprefix = {arXiv},
	Author = {Kr$\text{\"{a}}$mer, M. and Plehn, T. and Spira, M. and Zerwas, P. M.},
	Doi = {10.1103/PhysRevD.71.057503},
	Eprint = {hep-ph/0411038},
	Journal = {Phys. Rev. D},
	Pages = {057503},
	Primaryclass = {hep-ph},
	Reportnumber = {CERN-PH-TH-2004-207, DESY-04-200, EDINBURGH-2004-28, FERMILAB-PUB-04-298-T, PSI-PR-04-12},
	Slaccitation = {%%CITATION = HEP-PH/0411038;%%},
	Title = {Pair production of scalar leptoquarks at the {CERN LHC}},
	Volume = {71},
	Year = {2005},
	Bdsk-Url-1 = {https://doi.org/10.1103/PhysRevD.71.057503}}

@article{Sirunyan:2018nkj,
	Archiveprefix = {arXiv},
	Author = {Sirunyan, Albert M and others},
	Collaboration = {{CMS}},
	Doi = {10.1140/epjc/s10052-018-6143-z},
	Eprint = {1803.02864},
	Journal = {Eur. Phys. J. C},
	Pages = {707},
	Primaryclass = {hep-ex},
	Reportnumber = {CMS-B2G-16-028, CERN-EP-2018-019, CMS-B2G-16-028, CERN-EP-2018-019},
	Slaccitation = {%%CITATION = ARXIV:1803.02864;%%},
	Title = {Search for third-generation scalar leptoquarks decaying to a top quark and a $\tau$ lepton at $\sqrt{s}=13$ {TeV}},
	Volume = {78},
	Year = {2018},
	Bdsk-Url-1 = {https://doi.org/10.1140/epjc/s10052-018-6143-z}}

@article{Sirunyan:2018ruf,
	Archiveprefix = {arXiv},
	Author = {Sirunyan, Albert M and others},
	Collaboration = {{CMS}},
	Eprint = {1809.05558},
	Journal = {Accepted by Phys. Rev. Lett.},
	Primaryclass = {hep-ex},
	Reportnumber = {CMS-B2G-16-027, CERN-EP-2018-233},
	Slaccitation = {%%CITATION = ARXIV:1809.05558;%%},
	Title = {Search for leptoquarks coupled to third-generation quarks in proton-proton collisions at $\sqrt{s}=$ 13 {TeV}},
	Year = {2018}}

@techreport{CMS-PAS-FTR-18-008,
	Address = {Geneva},
	Collaboration = {CMS},
	Institution = {{CERN}},
	Number = {CMS-PAS-FTR-18-008},
	Reportnumber = {CMS-PAS-FTR-18-008},
	Title = {Projection of searches for pair production of scalar leptoquarks decaying to a top quark and a charged lepton at the {HL-LHC}},
	Url = {https://cds.cern.ch/record/2645611},
	Year = {2018},
	Bdsk-Url-1 = {https://cds.cern.ch/record/2645611}}

@techreport{CMS:FTR-18-012,
	Author = {{CMS Collaboration}},
	Collaboration = {{CMS}},
	Number = {CMS-PAS-FTR-18-012},
	Slaccitation = {%%CITATION = CMS-PAS-FTR-18-012;%%},
	Title = {{CMS} {Phase-2} Object Performance},
	Type = {CMS Physics Analysis Summary},
	Year = {in preparation}}

@article{Kannike:2011ng,
	Archiveprefix = {arXiv},
	Author = {Kannike, Kristjan and Raidal, Martti and Straub, David M. and Strumia, Alessandro},
	Doi = {10.1007/JHEP02(2012)106, 10.1007/JHEP10(2012)136},
	Eprint = {1111.2551},
	Journal = {JHEP},
	Note = {[Erratum: JHEP10,136(2012)]},
	Pages = {106},
	Primaryclass = {hep-ph},
	Slaccitation = {%%CITATION = ARXIV:1111.2551;%%},
	Title = {{Anthropic solution to the magnetic muon anomaly: the charged see-saw}},
	Volume = {02},
	Year = {2012},
	Bdsk-Url-1 = {https://doi.org/10.1007/JHEP02(2012)106,%2010.1007/JHEP10(2012)136}}

@article{Dermisek:2014cia,
	Archiveprefix = {arXiv},
	Author = {Dermisek, Radovan and Raval, Aditi and Shin, Seodong},
	Doi = {10.1103/PhysRevD.90.034023},
	Eprint = {1406.7018},
	Journal = {Phys. Rev.},
	Number = {3},
	Pages = {034023},
	Primaryclass = {hep-ph},
	Slaccitation = {%%CITATION = ARXIV:1406.7018;%%},
	Title = {{Effects of vectorlike leptons on $h\to 4\ell$ and the connection to the muon g-2 anomaly}},
	Volume = {D90},
	Year = {2014},
	Bdsk-Url-1 = {https://doi.org/10.1103/PhysRevD.90.034023}}

@article{Falkowski:2014ffa,
	Archiveprefix = {arXiv},
	Author = {Falkowski, Adam and Vega-Morales, Roberto},
	Doi = {10.1007/JHEP12(2014)037},
	Eprint = {1405.1095},
	Journal = {JHEP},
	Pages = {037},
	Primaryclass = {hep-ph},
	Reportnumber = {LPT-ORSAY-14-23},
	Slaccitation = {%%CITATION = ARXIV:1405.1095;%%},
	Title = {{Exotic Higgs decays in the golden channel}},
	Volume = {12},
	Year = {2014},
	Bdsk-Url-1 = {https://doi.org/10.1007/JHEP12(2014)037}}

@article{Dermisek:2013gta,
	Archiveprefix = {arXiv},
	Author = {Dermisek, Radovan and Raval, Aditi},
	Doi = {10.1103/PhysRevD.88.013017},
	Eprint = {1305.3522},
	Journal = {Phys. Rev.},
	Pages = {013017},
	Primaryclass = {hep-ph},
	Slaccitation = {%%CITATION = ARXIV:1305.3522;%%},
	Title = {{Explanation of the Muon g-2 Anomaly with Vectorlike Leptons and its Implications for Higgs Decays}},
	Volume = {D88},
	Year = {2013},
	Bdsk-Url-1 = {https://doi.org/10.1103/PhysRevD.88.013017}}

@article{future,
	Author = {Dermisek, Radovan and Lunghi, Enrico and Shin, Seodong},
	Eprint = {in progress},
	Title = {{Heavy Higgs cascade decay into a vectorlike quark }}}

@article{Dermisek:2014qca,
	Archiveprefix = {arXiv},
	Author = {Dermisek, Radovan and Hall, Jonathan P. and Lunghi, Enrico and Shin, Seodong},
	Doi = {10.1007/JHEP12(2014)013},
	Eprint = {1408.3123},
	Journal = {JHEP},
	Pages = {013},
	Primaryclass = {hep-ph},
	Slaccitation = {%%CITATION = ARXIV:1408.3123;%%},
	Title = {{Limits on Vectorlike Leptons from Searches for Anomalous Production of Multi-Lepton Events}},
	Volume = {12},
	Year = {2014},
	Bdsk-Url-1 = {https://doi.org/10.1007/JHEP12(2014)013}}

@article{Buchkremer:2013bha,
	Archiveprefix = {arXiv},
	Author = {Buchkremer, Mathieu and Cacciapaglia, Giacomo and Deandrea, Aldo and Panizzi, Luca},
	Doi = {10.1016/j.nuclphysb.2013.08.010},
	Eprint = {1305.4172},
	Journal = {Nucl. Phys.},
	Pages = {376-417},
	Primaryclass = {hep-ph},
	Reportnumber = {LYCEN-2013-03, SHEP-13-10, CP3-13-22},
	Slaccitation = {%%CITATION = ARXIV:1305.4172;%%},
	Title = {{Model Independent Framework for Searches of Top Partners}},
	Volume = {B876},
	Year = {2013},
	Bdsk-Url-1 = {https://doi.org/10.1016/j.nuclphysb.2013.08.010}}

@article{future,
	Author = {Read, A.L.},
	Eprint = {CERN Yellow report 2000-205 (2000)},
	Title = {{Modified frequentist analysis of search results (the CLs method)}}}

@article{bib-cls,
	Author = {Read, A. L.},
	Doi = {10.1088/0954-3899/28/10/313},
	Journal = {J. Phys. G},
	Pages = {2693},
	Slaccitation = {%%CITATION = INSPIRE-599622;%%},
	Title = {Presentation of search results: the $CL_s$ technique},
	Volume = {28},
	Year = {2002},
	Bdsk-Url-1 = {https://doi.org/10.1088/0954-3899/28/10/313}}

@article{Dermisek:2016via,
	Archiveprefix = {arXiv},
	Author = {Dermisek, Radovan and Lunghi, Enrico and Shin, Seodong},
	Doi = {10.1007/JHEP10(2016)081},
	Eprint = {1608.00662},
	Journal = {JHEP},
	Pages = {081},
	Primaryclass = {hep-ph},
	Reportnumber = {IU-HET-614},
	Slaccitation = {%%CITATION = ARXIV:1608.00662;%%},
	Title = {{New constraints and discovery potential for Higgs to Higgs cascade decays through vectorlike leptons}},
	Volume = {10},
	Year = {2016},
	Bdsk-Url-1 = {https://doi.org/10.1007/JHEP10(2016)081}}

@article{Dermisek:2015hue,
	Archiveprefix = {arXiv},
	Author = {Dermisek, Radovan and Lunghi, Enrico and Shin, Seodong},
	Doi = {10.1007/JHEP05(2016)148},
	Eprint = {1512.07837},
	Journal = {JHEP},
	Pages = {148},
	Primaryclass = {hep-ph},
	Reportnumber = {IU-HET-609},
	Slaccitation = {%%CITATION = ARXIV:1512.07837;%%},
	Title = {{New decay modes of heavy Higgs bosons in a two Higgs doublet model with vectorlike leptons}},
	Volume = {05},
	Year = {2016},
	Bdsk-Url-1 = {https://doi.org/10.1007/JHEP05(2016)148}}

@article{delAguila:2000rc,
	Archiveprefix = {arXiv},
	Author = {del Aguila, F. and Perez-Victoria, M. and Santiago, Jose},
	Doi = {10.1088/1126-6708/2000/09/011},
	Eprint = {hep-ph/0007316},
	Journal = {JHEP},
	Pages = {011},
	Primaryclass = {hep-ph},
	Reportnumber = {UG-FT-118-00, MIT-CTP-2997},
	Slaccitation = {%%CITATION = HEP-PH/0007316;%%},
	Title = {{Observable contributions of new exotic quarks to quark mixing}},
	Volume = {09},
	Year = {2000},
	Bdsk-Url-1 = {https://doi.org/10.1088/1126-6708/2000/09/011}}

@article{future,
	Author = {The ATLAS collaboration},
	Eprint = {ATL-PHYS-PUB-2011-011, ATL-COM-PHYS-2011-818, CMS-NOTE-2011-005},
	Title = {{Procedure for the LHC Higgs boson search combination in summer 2011}}}

@article{TheATLAScollaboration:2016loc,
	Author = {The ATLAS collaboration},
	Reportnumber = {ATLAS-CONF-2016-015},
	Slaccitation = {%%CITATION = ATLAS-CONF-2016-015;%%},
	Title = {{Search for a CP-odd Higgs boson decaying to Zh in pp collisions at sqrt(s) = 13 TeV with the ATLAS detector}},
	Year = {2016}}

@article{Aaboud:2017sjh,
	Archiveprefix = {arXiv},
	Author = {Aaboud, Morad and others},
	Collaboration = {ATLAS},
	Doi = {10.1007/JHEP01(2018)055},
	Eprint = {1709.07242},
	Journal = {JHEP},
	Pages = {055},
	Primaryclass = {hep-ex},
	Reportnumber = {CERN-EP-2017-199},
	Slaccitation = {%%CITATION = ARXIV:1709.07242;%%},
	Title = {{Search for additional heavy neutral Higgs and gauge bosons in the ditau final state produced in 36 fb$^{-1}$ of pp collisions at $ \sqrt{s}=13 $ TeV with the ATLAS detector}},
	Volume = {01},
	Year = {2018},
	Bdsk-Url-1 = {https://doi.org/10.1007/JHEP01(2018)055}}

@article{Khachatryan:2016yec,
	Archiveprefix = {arXiv},
	Author = {Khachatryan, Vardan and others},
	Collaboration = {CMS},
	Doi = {10.1016/j.physletb.2017.01.027},
	Eprint = {1609.02507},
	Journal = {Phys. Lett.},
	Pages = {147-170},
	Primaryclass = {hep-ex},
	Reportnumber = {CMS-EXO-16-027, CERN-EP-2016-216, CMS-EXO-16-02},
	Slaccitation = {%%CITATION = ARXIV:1609.02507;%%},
	Title = {{Search for high-mass diphoton resonances in proton-proton collisions at 13 TeV and combination with 8 TeV search}},
	Volume = {B767},
	Year = {2017},
	Bdsk-Url-1 = {https://doi.org/10.1016/j.physletb.2017.01.027}}

@article{Aaboud:2017yyg,
	Archiveprefix = {arXiv},
	Author = {Aaboud, Morad and others},
	Collaboration = {ATLAS},
	Doi = {10.1016/j.physletb.2017.10.039},
	Eprint = {1707.04147},
	Journal = {Phys. Lett.},
	Pages = {105-125},
	Primaryclass = {hep-ex},
	Reportnumber = {CERN-EP-2017-132},
	Slaccitation = {%%CITATION = ARXIV:1707.04147;%%},
	Title = {{Search for new phenomena in high-mass diphoton final states using 37 fb$^{-1}$ of proton--proton collisions collected at $\sqrt{s}=13$ TeV with the ATLAS detector}},
	Volume = {B775},
	Year = {2017},
	Bdsk-Url-1 = {https://doi.org/10.1016/j.physletb.2017.10.039}}

@article{Aaboud:2017qpr,
	Archiveprefix = {arXiv},
	Author = {Aaboud, Morad and others},
	Collaboration = {ATLAS},
	Doi = {10.1007/JHEP08(2017)052},
	Eprint = {1705.10751},
	Journal = {JHEP},
	Pages = {052},
	Primaryclass = {hep-ex},
	Reportnumber = {CERN-EP-2017-075},
	Slaccitation = {%%CITATION = ARXIV:1705.10751;%%},
	Title = {{Search for pair production of vector-like top quarks in events with one lepton, jets, and missing transverse momentum in $ \sqrt{s}=13 $ TeV $pp$ collisions with the ATLAS detector}},
	Volume = {08},
	Year = {2017},
	Bdsk-Url-1 = {https://doi.org/10.1007/JHEP08(2017)052}}

@inproceedings{Avetisyan:2013rca,
	Archiveprefix = {arXiv},
	Author = {Avetisyan, Aram and Bose, Tulika},
	Booktitle = {{Proceedings, 2013 Community Summer Study on the Future of U.S. Particle Physics: Snowmass on the Mississippi (CSS2013): Minneapolis, MN, USA, July 29-August 6, 2013}},
	Eprint = {1309.2234},
	Primaryclass = {hep-ex},
	Slaccitation = {%%CITATION = ARXIV:1309.2234;%%},
	Title = {{Search for top partners with charge 5e/3}},
	Url = {http://inspirehep.net/record/1253373/files/arXiv:1309.2234.pdf},
	Year = {2013},
	Bdsk-Url-1 = {http://inspirehep.net/record/1253373/files/arXiv:1309.2234.pdf}}

@article{Harlander:2016hcx,
	Archiveprefix = {arXiv},
	Author = {Harlander, Robert V. and Liebler, Stefan and Mantler, Hendrik},
	Doi = {10.1016/j.cpc.2016.10.015},
	Eprint = {1605.03190},
	Journal = {Comput. Phys. Commun.},
	Pages = {239-257},
	Primaryclass = {hep-ph},
	Reportnumber = {DESY-16-061, KA-TP-14-2016, TTK-16-14},
	Slaccitation = {%%CITATION = ARXIV:1605.03190;%%},
	Title = {{SusHi Bento: Beyond NNLO and the heavy-top limit}},
	Volume = {212},
	Year = {2017},
	Bdsk-Url-1 = {https://doi.org/10.1016/j.cpc.2016.10.015}}

@article{Harlander:2012pb,
	Archiveprefix = {arXiv},
	Author = {Harlander, Robert V. and Liebler, Stefan and Mantler, Hendrik},
	Doi = {10.1016/j.cpc.2013.02.006},
	Eprint = {1212.3249},
	Journal = {Comput. Phys. Commun.},
	Pages = {1605-1617},
	Primaryclass = {hep-ph},
	Reportnumber = {WUB-12-28, LPN12-134},
	Slaccitation = {%%CITATION = ARXIV:1212.3249;%%},
	Title = {{SusHi: A program for the calculation of Higgs production in gluon fusion and bottom-quark annihilation in the Standard Model and the MSSM}},
	Volume = {184},
	Year = {2013},
	Bdsk-Url-1 = {https://doi.org/10.1016/j.cpc.2013.02.006}}

@article{Dermisek:2015oja,
	Archiveprefix = {arXiv},
	Author = {Dermisek, Radovan and Lunghi, Enrico and Shin, Seodong},
	Doi = {10.1007/JHEP02(2016)119},
	Eprint = {1509.04292},
	Journal = {JHEP},
	Pages = {119},
	Primaryclass = {hep-ph},
	Reportnumber = {IU-HET-602},
	Slaccitation = {%%CITATION = ARXIV:1509.04292;%%},
	Title = {{Two Higgs doublet model with vectorlike leptons and contributions to $pp\to WW$ and $H\to WW$}},
	Volume = {02},
	Year = {2016},
	Bdsk-Url-1 = {https://doi.org/10.1007/JHEP02(2016)119}}

@article{Kumar:2015tna,
	Archiveprefix = {arXiv},
	Author = {Kumar, Nilanjana and Martin, Stephen P.},
	Doi = {10.1103/PhysRevD.92.115018},
	Eprint = {1510.03456},
	Journal = {Phys. Rev.},
	Number = {11},
	Pages = {115018},
	Primaryclass = {hep-ph},
	Reportnumber = {FERMILAB-PUB-15-697-T},
	Slaccitation = {%%CITATION = ARXIV:1510.03456;%%},
	Title = {{Vectorlike Leptons at the Large Hadron Collider}},
	Volume = {D92},
	Year = {2015},
	Bdsk-Url-1 = {https://doi.org/10.1103/PhysRevD.92.115018}}

@article{Falkowski:2013jya,
	Archiveprefix = {arXiv},
	Author = {Falkowski, Adam and Straub, David M. and Vicente, Avelino},
	Doi = {10.1007/JHEP05(2014)092},
	Eprint = {1312.5329},
	Journal = {JHEP},
	Pages = {092},
	Primaryclass = {hep-ph},
	Reportnumber = {LPT-ORSAY-13-141},
	Slaccitation = {%%CITATION = ARXIV:1312.5329;%%},
	Title = {{Vector-like leptons: Higgs decays and collider phenomenology}},
	Volume = {05},
	Year = {2014},
	Bdsk-Url-1 = {https://doi.org/10.1007/JHEP05(2014)092}}

@article{Barducci:2017xtw,
	Archiveprefix = {arXiv},
	Author = {Barducci, D. and Panizzi, L.},
	Doi = {10.1007/JHEP12(2017)057},
	Eprint = {1710.02325},
	Journal = {JHEP},
	Pages = {057},
	Primaryclass = {hep-ph},
	Slaccitation = {%%CITATION = ARXIV:1710.02325;%%},
	Title = {{Vector-like quarks coupling discrimination at the LHC and future hadron colliders}},
	Volume = {12},
	Year = {2017},
	Bdsk-Url-1 = {https://doi.org/10.1007/JHEP12(2017)057}}

@article{CMS:2018wii,
	Archiveprefix = {arXiv},
	Author = {Sirunyan, Albert M and others},
	Collaboration = {CMS},
	Doi = {10.3204/PUBDB-2018-02201},
	Eprint = {1805.04865},
	Primaryclass = {hep-ex},
	Reportnumber = {CMS-HIG-17-029, CERN-EP-2018-078},
	Slaccitation = {%%CITATION = ARXIV:1805.04865;%%},
	Title = {{Search for an exotic decay of the Higgs boson to a pair of light pseudoscalars in the final state of two muons and two $\tau$ leptons in proton-proton collisions at $\sqrt{s}=$ 13 TeV}},
	Year = {2018},
	Bdsk-Url-1 = {https://doi.org/10.3204/PUBDB-2018-02201}}

@article{Aaboud:2018fvk,
	Archiveprefix = {arXiv},
	Author = {Aaboud, Morad and others},
	Collaboration = {ATLAS},
	Doi = {10.1007/JHEP06(2018)166},
	Eprint = {1802.03388},
	Journal = {JHEP},
	Pages = {166},
	Primaryclass = {hep-ex},
	Reportnumber = {CERN-EP-2017-293},
	Slaccitation = {%%CITATION = ARXIV:1802.03388;%%},
	Title = {{Search for Higgs boson decays to beyond-the-Standard-Model light bosons in four-lepton events with the ATLAS detector at $\sqrt{s}=13$ TeV}},
	Volume = {06},
	Year = {2018},
	Bdsk-Url-1 = {https://doi.org/10.1007/JHEP06(2018)166}}

@techreport{CMS-PAS-HIG-17-031,
	Address = {Geneva},
	Collaboration = {CMS},
	Institution = {CERN},
	Number = {\href{https://cds.cern.ch/record/2308127}{CMS-PAS-HIG-17-031}},
	Reportnumber = {\url{https://cds.cern.ch/record/2308127}{CMS-PAS-HIG-17-031}},
	Title = {{Combined measurements of the Higgs boson's couplings at $\sqrt{s}=13$ TeV}},
	Url = {https://cds.cern.ch/record/2308127},
	Year = {2018},
	Bdsk-Url-1 = {https://cds.cern.ch/record/2308127}}

@article{Aaboud:2018iil,
	Archiveprefix = {arXiv},
	Author = {Aaboud, M. and others},
	Collaboration = {ATLAS},
	Doi = {10.1007/JHEP10(2018)031},
	Eprint = {1806.07355},
	Journal = {JHEP},
	Pages = {031},
	Primaryclass = {hep-ex},
	Reportnumber = {CERN-EP-2018-128},
	Slaccitation = {%%CITATION = ARXIV:1806.07355;%%},
	Title = {{Search for the Higgs boson produced in association with a vector boson and decaying into two spin-zero particles in the $H \rightarrow aa \rightarrow 4b$ channel in $pp$ collisions at $\sqrt{s} = 13$ TeV with the ATLAS detector}},
	Volume = {10},
	Year = {2018},
	Bdsk-Url-1 = {https://doi.org/10.1007/JHEP10(2018)031}}

@techreport{CMS-PAS-HIG-16-035,
	Address = {Geneva},
	Collaboration = {CMS},
	Institution = {CERN},
	Number = {\href{https://cds.cern.ch/record/2232052}{CMS-PAS-HIG-16-035}},
	Reportnumber = {CMS-PAS-HIG-16-035},
	Title = {{A Search for Beyond Standard Model Light Bosons Decaying into Muon Pairs}},
	Url = {https://cds.cern.ch/record/2232052},
	Year = {2016},
	Bdsk-Url-1 = {https://cds.cern.ch/record/2232052}}

@article{Aaboud:2018esj,
	Archiveprefix = {arXiv},
	Author = {Aaboud, Morad and others},
	Collaboration = {ATLAS},
	Eprint = {1807.00539},
	Primaryclass = {hep-ex},
	Reportnumber = {CERN-EP-2018-153, CERN-EP-2018-153},
	Slaccitation = {%%CITATION = ARXIV:1807.00539;%%},
	Title = {{Search for Higgs boson decays into a pair of light bosons in the $bb\mu\mu$ final state in $pp$ collision at $\sqrt{s} = $13 TeV with the ATLAS detector}},
	Year = {2018}}

@misc{xsecratio,
	Author = {{LHC Higgs cross section working group}},
	Howpublished = {\url{https://twiki.cern.ch/twiki/pub/LHCPhysics/CERNYellowReportPageAt1314TeV2014/Higgs_XS_parton_luminosity.pdf}}}

@article{Aaij:2012vr,
	Archiveprefix = {arXiv},
	Author = {Aaij, R and others},
	Collaboration = {LHCb},
	Doi = {10.1007/JHEP02(2013)105},
	Eprint = {1209.4284},
	Journal = {JHEP},
	Pages = {105},
	Primaryclass = {hep-ex},
	Reportnumber = {LHCB-PAPER-2012-024, CERN-PH-EP-2012-263},
	Slaccitation = {%%CITATION = ARXIV:1209.4284;%%},
	Title = {{Differential branching fraction and angular analysis of the $B^{+} \rightarrow K^{+}\mu^{+}\mu^{-}$ decay}},
	Volume = {02},
	Year = {2013},
	Bdsk-Url-1 = {https://doi.org/10.1007/JHEP02(2013)105}}

@article{Aaij:2015tna,
	Archiveprefix = {arXiv},
	Author = {Aaij, Roel and others},
	Collaboration = {LHCb},
	Doi = {10.1103/PhysRevLett.115.161802},
	Eprint = {1508.04094},
	Journal = {Phys. Rev. Lett.},
	Number = {16},
	Pages = {161802},
	Primaryclass = {hep-ex},
	Reportnumber = {CERN-PH-EP-2015-202, LHCB-PAPER-2015-036},
	Slaccitation = {%%CITATION = ARXIV:1508.04094;%%},
	Title = {{Search for hidden-sector bosons in $B^0 \!\to K^{*0}\mu^+\mu^-$ decays}},
	Volume = {115},
	Year = {2015},
	Bdsk-Url-1 = {https://doi.org/10.1103/PhysRevLett.115.161802}}

@article{Schael:2006cr,
	Archiveprefix = {arXiv},
	Author = {Schael, S. and others},
	Collaboration = {DELPHI, OPAL, ALEPH, LEP Working Group for Higgs Boson Searches, L3},
	Doi = {10.1140/epjc/s2006-02569-7},
	Eprint = {hep-ex/0602042},
	Journal = {Eur. Phys. J.},
	Pages = {547-587},
	Primaryclass = {hep-ex},
	Reportnumber = {CERN-PH-EP-2006-001},
	Slaccitation = {%%CITATION = HEP-EX/0602042;%%},
	Title = {{Search for neutral MSSM Higgs bosons at LEP}},
	Volume = {C47},
	Year = {2006},
	Bdsk-Url-1 = {https://doi.org/10.1140/epjc/s2006-02569-7}}

@article{Bechtle:2014ewa,
	Archiveprefix = {arXiv},
	Author = {Bechtle, Philip and Heinemeyer, Sven and St{\aa}l, Oscar and Stefaniak, Tim and Weiglein, Georg},
	Doi = {10.1007/JHEP11(2014)039},
	Eprint = {1403.1582},
	Journal = {JHEP},
	Pages = {039},
	Primaryclass = {hep-ph},
	Reportnumber = {DESY-14-026, BONN-TH-2014-05},
	Slaccitation = {%%CITATION = ARXIV:1403.1582;%%},
	Title = {{Probing the Standard Model with Higgs signal rates from the Tevatron, the LHC and a future ILC}},
	Volume = {11},
	Year = {2014},
	Bdsk-Url-1 = {https://doi.org/10.1007/JHEP11(2014)039}}

@article{Haisch:2018kqx,
	Archiveprefix = {arXiv},
	Author = {Haisch, Ulrich and Kamenik, Jernej F. and Malinauskas, Augustinas and Spira, Michael},
	Doi = {10.1007/JHEP03(2018)178},
	Eprint = {1802.02156},
	Journal = {JHEP},
	Pages = {178},
	Primaryclass = {hep-ph},
	Reportnumber = {CERN-TH-2018-025, PSI-PR-18-03},
	Slaccitation = {%%CITATION = ARXIV:1802.02156;%%},
	Title = {{Collider constraints on light pseudoscalars}},
	Volume = {03},
	Year = {2018},
	Bdsk-Url-1 = {https://doi.org/10.1007/JHEP03(2018)178}}

@article{Buttazzo:2015bka,
	Archiveprefix = {arXiv},
	Author = {Buttazzo, Dario and Sala, Filippo and Tesi, Andrea},
	Doi = {10.1007/JHEP11(2015)158},
	Eprint = {1505.05488},
	Journal = {JHEP},
	Pages = {158},
	Primaryclass = {hep-ph},
	Reportnumber = {EFI-15-17, FLAVOUR(267104)-ERC-97},
	Slaccitation = {%%CITATION = ARXIV:1505.05488;%%},
	Title = {{Singlet-like Higgs bosons at present and future colliders}},
	Volume = {11},
	Year = {2015},
	Bdsk-Url-1 = {https://doi.org/10.1007/JHEP11(2015)158}}

@article{Flacke:2016szy,
	Archiveprefix = {arXiv},
	Author = {Flacke, Thomas and Frugiuele, Claudia and Fuchs, Elina and Gupta, Rick S. and Perez, Gilad},
	Doi = {10.1007/JHEP06(2017)050},
	Eprint = {1610.02025},
	Journal = {JHEP},
	Pages = {050},
	Primaryclass = {hep-ph},
	Reportnumber = {CTPU-16-25},
	Slaccitation = {%%CITATION = ARXIV:1610.02025;%%},
	Title = {{Phenomenology of relaxion-Higgs mixing}},
	Volume = {06},
	Year = {2017},
	Bdsk-Url-1 = {https://doi.org/10.1007/JHEP06(2017)050}}

@article{Choi:2016luu,
	Archiveprefix = {arXiv},
	Author = {Choi, Kiwoon and Im, Sang Hui},
	Doi = {10.1007/JHEP12(2016)093},
	Eprint = {1610.00680},
	Journal = {JHEP},
	Pages = {093},
	Primaryclass = {hep-ph},
	Reportnumber = {CTPU-16-29},
	Slaccitation = {%%CITATION = ARXIV:1610.00680;%%},
	Title = {{Constraints on Relaxion Windows}},
	Volume = {12},
	Year = {2016},
	Bdsk-Url-1 = {https://doi.org/10.1007/JHEP12(2016)093}}

@article{Graham:2015cka,
	Archiveprefix = {arXiv},
	Author = {Graham, Peter W. and Kaplan, David E. and Rajendran, Surjeet},
	Doi = {10.1103/PhysRevLett.115.221801},
	Eprint = {1504.07551},
	Journal = {Phys. Rev. Lett.},
	Number = {22},
	Pages = {221801},
	Primaryclass = {hep-ph},
	Slaccitation = {%%CITATION = ARXIV:1504.07551;%%},
	Title = {{Cosmological Relaxation of the Electroweak Scale}},
	Volume = {115},
	Year = {2015},
	Bdsk-Url-1 = {https://doi.org/10.1103/PhysRevLett.115.221801}}

@article{Acciarri:1996um,
	Author = {Acciarri, M. and others},
	Collaboration = {L3},
	Doi = {10.1016/0370-2693(96)00987-2},
	Journal = {Phys. Lett.},
	Pages = {454-470},
	Reportnumber = {CERN-PPE-96-095, CERN-PPE-96-95},
	Slaccitation = {%%CITATION = PHLTA,B385,454;%%},
	Title = {{Search for neutral Higgs boson production through the process $e^+ e^- \rightarrow Z^* H^0$}},
	Volume = {B385},
	Year = {1996},
	Bdsk-Url-1 = {https://doi.org/10.1016/0370-2693(96)00987-2}}

@techreport{CMS:2018lqr,
	Address = {Geneva},
	Collaboration = {CMS},
	Institution = {CERN},
	Number = {\href{http://cds.cern.ch/record/2306329}{CMS-PAS-HIG-17-024}},
	Reportnumber = {CMS-PAS-HIG-17-024},
	Title = {{Search for the exotic decay of the Higgs boson to a pair of light pseudoscalars in the final state with two b quarks and two $\tau$ leptons}},
	Url = {http://cds.cern.ch/record/2306329},
	Year = {2018},
	Bdsk-Url-1 = {http://cds.cern.ch/record/2306329}}

@article{Bechtle:2013xfa,
	Archiveprefix = {arXiv},
	Author = {Bechtle, Philip and Heinemeyer, Sven and Stal, Oscar and Stefaniak, Tim and Weiglein, Georg},
	Doi = {10.1140/epjc/s10052-013-2711-4},
	Eprint = {1305.1933},
	Journal = {Eur. Phys. J.},
	Number = {2},
	Pages = {2711},
	Primaryclass = {hep-ph},
	Reportnumber = {BONN-TH-2013-07, DESY-13-078},
	Slaccitation = {%%CITATION = ARXIV:1305.1933;%%},
	Title = {{$HiggsSignals$: Confronting arbitrary Higgs sectors with measurements at the Tevatron and the LHC}},
	Volume = {C74},
	Year = {2014},
	Bdsk-Url-1 = {https://doi.org/10.1140/epjc/s10052-013-2711-4}}

@article{Frugiuele:2018coc,
	Archiveprefix = {arXiv},
	Author = {Frugiuele, Claudia and Fuchs, Elina and Perez, Gilad and Schlaffer, Matthias},
	Doi = {10.1007/JHEP10(2018)151},
	Eprint = {1807.10842},
	Journal = {JHEP},
	Pages = {151},
	Primaryclass = {hep-ph},
	Slaccitation = {%%CITATION = ARXIV:1807.10842;%%},
	Title = {{Relaxion and light (pseudo)scalars at the HL-LHC and lepton colliders}},
	Volume = {10},
	Year = {2018},
	Bdsk-Url-1 = {https://doi.org/10.1007/JHEP10(2018)151}}

@article{Cacciari:2008gp,
	Archiveprefix = {arXiv},
	Author = {Cacciari, Matteo and Salam, Gavin P. and Soyez, Gregory},
	Doi = {10.1088/1126-6708/2008/04/063},
	Eprint = {0802.1189},
	Journal = {JHEP},
	Pages = {063},
	Primaryclass = {hep-ph},
	Reportnumber = {LPTHE-07-03},
	Slaccitation = {%%CITATION = ARXIV:0802.1189;%%},
	Title = {{The Anti-k(t) jet clustering algorithm}},
	Volume = {04},
	Year = {2008},
	Bdsk-Url-1 = {https://doi.org/10.1088/1126-6708/2008/04/063}}

@article{Cacciari:2011ma,
	Archiveprefix = {arXiv},
	Author = {Cacciari, Matteo and Salam, Gavin P. and Soyez, Gregory},
	Doi = {10.1140/epjc/s10052-012-1896-2},
	Eprint = {1111.6097},
	Journal = {Eur. Phys. J.},
	Pages = {1896},
	Primaryclass = {hep-ph},
	Reportnumber = {CERN-PH-TH-2011-297},
	Slaccitation = {%%CITATION = ARXIV:1111.6097;%%},
	Title = {{FastJet User Manual}},
	Volume = {C72},
	Year = {2012},
	Bdsk-Url-1 = {https://doi.org/10.1140/epjc/s10052-012-1896-2}}

@article{Camargo:2018klg,
	Archiveprefix = {arXiv},
	Author = {Camargo, Daniel A. and Delle Rose, Luigi and Moretti, Stefano and Queiroz, Farinaldo S.},
	Eprint = {1805.08231},
	Primaryclass = {hep-ph},
	Slaccitation = {%%CITATION = ARXIV:1805.08231;%%},
	Title = {{Collider Bounds on 2-Higgs Doublet Models with $U(1)_X$ Gauge Symmetries}},
	Year = {2018}}

@inproceedings{Novaes:1999yn,
	Archiveprefix = {arXiv},
	Author = {Novaes, S. F.},
	Booktitle = {{Particles and fields. Proceedings, 10th Jorge Andre Swieca Summer School, Sao Paulo, Brazil, February 6-12, 1999}},
	Eprint = {hep-ph/0001283},
	Pages = {5-102},
	Primaryclass = {hep-ph},
	Reportnumber = {IFT-P-010-2000},
	Slaccitation = {%%CITATION = HEP-PH/0001283;%%},
	Title = {{Standard model: An Introduction}},
	Year = {1999}}

@article{Ko:2013zsa,
	Archiveprefix = {arXiv},
	Author = {Ko, P. and Omura, Yuji and Yu, Chaehyun},
	Doi = {10.1007/JHEP01(2014)016},
	Eprint = {1309.7156},
	Journal = {JHEP},
	Pages = {016},
	Primaryclass = {hep-ph},
	Reportnumber = {CETUP2013-01, FLAVOUR(267104)-ERC-51, KIAS-PREPRINT-13055, TUM-HEP-907-13, TUM-HEP --907-13},
	Slaccitation = {%%CITATION = ARXIV:1309.7156;%%},
	Title = {{Higgs phenomenology in Type-I 2HDM with $U(1)_H$ Higgs gauge symmetry}},
	Volume = {01},
	Year = {2014},
	Bdsk-Url-1 = {https://doi.org/10.1007/JHEP01(2014)016}}

@article{Ko:2014uka,
	Archiveprefix = {arXiv},
	Author = {Ko, P. and Omura, Yuji and Yu, Chaehyun},
	Doi = {10.1007/JHEP11(2014)054},
	Eprint = {1405.2138},
	Journal = {JHEP},
	Pages = {054},
	Primaryclass = {hep-ph},
	Reportnumber = {KIAS-PREPRINT-P14030},
	Slaccitation = {%%CITATION = ARXIV:1405.2138;%%},
	Title = {{Dark matter and dark force in the type-I inert 2HDM with local U(1)$_{H}$ gauge symmetry}},
	Volume = {11},
	Year = {2014},
	Bdsk-Url-1 = {https://doi.org/10.1007/JHEP11(2014)054}}

@article{Berlin:2014cfa,
	Archiveprefix = {arXiv},
	Author = {Berlin, Asher and Lin, Tongyan and Wang, Lian-Tao},
	Doi = {10.1007/JHEP06(2014)078},
	Eprint = {1402.7074},
	Journal = {JHEP},
	Pages = {078},
	Primaryclass = {hep-ph},
	Slaccitation = {%%CITATION = ARXIV:1402.7074;%%},
	Title = {{Mono-Higgs Detection of Dark Matter at the LHC}},
	Volume = {06},
	Year = {2014},
	Bdsk-Url-1 = {https://doi.org/10.1007/JHEP06(2014)078}}

@article{Huang:2015wts,
	Archiveprefix = {arXiv},
	Author = {Huang, Wei-Chih and Tsai, Yue-Lin Sming and Yuan, Tzu-Chiang},
	Doi = {10.1007/JHEP04(2016)019},
	Eprint = {1512.00229},
	Journal = {JHEP},
	Pages = {019},
	Primaryclass = {hep-ph},
	Reportnumber = {IPMU15-0203, LCTS-2015-41, DO-TH-15-16},
	Slaccitation = {%%CITATION = ARXIV:1512.00229;%%},
	Title = {{G2HDM : Gauged Two Higgs Doublet Model}},
	Volume = {04},
	Year = {2016},
	Bdsk-Url-1 = {https://doi.org/10.1007/JHEP04(2016)019}}

@article{DelleRose:2017xil,
	Archiveprefix = {arXiv},
	Author = {Delle Rose, Luigi and Khalil, Shaaban and Moretti, Stefano},
	Date-Modified = {2018-11-16 15:41:18 +0100},
	Doi = {10.1103/PhysRevD.96.115024},
	Eprint = {1704.03436},
	Journal = {Phys. Rev.},
	Number = {11},
	Pages = {115024},
	Primaryclass = {hep-ph},
	Slaccitation = {%%CITATION = ARXIV:1704.03436;%%},
	Title = {{Explanation of the 17 MeV Atomki anomaly in a $U(1)'$-extended two Higgs doublet model}},
	Volume = {D96},
	Year = {2017},
	Bdsk-Url-1 = {https://doi.org/10.1103/PhysRevD.96.115024}}

@article{Campos:2017dgc,
	Archiveprefix = {arXiv},
	Author = {Campos, Miguel D. and Cogollo, D. and Lindner, Manfred and Melo, T. and Queiroz, Farinaldo S. and Rodejohann, Werner},
	Doi = {10.1007/JHEP08(2017)092},
	Eprint = {1705.05388},
	Journal = {JHEP},
	Pages = {092},
	Primaryclass = {hep-ph},
	Slaccitation = {%%CITATION = ARXIV:1705.05388;%%},
	Title = {{Neutrino Masses and Absence of Flavor Changing Interactions in the 2HDM from Gauge Principles}},
	Volume = {08},
	Year = {2017},
	Bdsk-Url-1 = {https://doi.org/10.1007/JHEP08(2017)092}}

@article{Sirunyan:2018exx,
	Archiveprefix = {arXiv},
	Author = {Sirunyan, Albert M and others},
	Collaboration = {CMS},
	Eprint = {1803.06292},
	Primaryclass = {hep-ex},
	Reportnumber = {CMS-EXO-16-047, CERN-EP-2018-027, CMS-EXO-16-047, CERN-EP-2018-027},
	Slaccitation = {%%CITATION = ARXIV:1803.06292;%%},
	Title = {{Search for high-mass resonances in dilepton final states in proton-proton collisions at $\sqrt{s}=$ 13 TeV}},
	Year = {2018}}

@article{Papucci:2014rja,
	Archiveprefix = {arXiv},
	Author = {Papucci, Michele and Sakurai, Kazuki and Weiler, Andreas and Zeune, Lisa},
	Doi = {10.1140/epjc/s10052-014-3163-1},
	Eprint = {1402.0492},
	Journal = {Eur. Phys. J.},
	Number = {11},
	Pages = {3163},
	Primaryclass = {hep-ph},
	Reportnumber = {CERN-PH-TH-2014-019, DESY-14-010, KCL-PH-TH-2014-04, MCTP-14-03},
	Slaccitation = {%%CITATION = ARXIV:1402.0492;%%},
	Title = {{Fastlim: a fast LHC limit calculator}},
	Volume = {C74},
	Year = {2014},
	Bdsk-Url-1 = {https://doi.org/10.1140/epjc/s10052-014-3163-1}}

@article{Cacciapaglia:2017iws,
	Archiveprefix = {arXiv},
	Author = {Cacciapaglia, Giacomo and Ferretti, Gabriele and Flacke, Thomas and Serodio, Hugo},
	Eprint = {1710.11142},
	Primaryclass = {hep-ph},
	Reportnumber = {CTPU-17-35, LU-TP-17-34, LYCEN-2017-07},
	Slaccitation = {%%CITATION = ARXIV:1710.11142;%%},
	Title = {{Revealing timid pseudo-scalars with taus at the LHC}},
	Year = {2017}}

@techreport{Collaboration:2283192,
	Address = {Geneva},
	Author = {Collaboration, CMS},
	Institution = {CERN},
	Month = {Sep},
	Note = {This is the CMS Interim TDR devoted to the upgrade of the CMS L1 trigger in view of the HL-LHC running, as approved by the LHCC.},
	Number = {CERN-LHCC-2017-013. CMS-TDR-017},
	Reportnumber = {CERN-LHCC-2017-013},
	Title = {{The Phase-2 Upgrade of the CMS L1 Trigger Interim Technical Design Report}},
	Url = {https://cds.cern.ch/record/2283192},
	Year = {2017},
	Bdsk-Url-1 = {https://cds.cern.ch/record/2283192}}

@article{Catani:2018krb,
	Archiveprefix = {arXiv},
	Author = {Catani, Stefano and Cieri, Leandro and de Florian, Daniel and Ferrera, Giancarlo and Grazzini, Massimiliano},
	Doi = {10.1007/JHEP04(2018)142},
	Eprint = {1802.02095},
	Journal = {JHEP},
	Pages = {142},
	Primaryclass = {hep-ph},
	Reportnumber = {ZH-TH-06-18},
	Slaccitation = {%%CITATION = ARXIV:1802.02095;%%},
	Title = {{Diphoton production at the LHC: a QCD study up to NNLO}},
	Volume = {04},
	Year = {2018},
	Bdsk-Url-1 = {https://doi.org/10.1007/JHEP04(2018)142}}

@article{Agrawal:2017ksf,
	Archiveprefix = {arXiv},
	Author = {Agrawal, Prateek and Howe, Kiel},
	Eprint = {1710.04213},
	Journal = {Submitted to: JHEP},
	Primaryclass = {hep-ph},
	Reportnumber = {FERMILAB-PUB-17-500-T},
	Slaccitation = {%%CITATION = ARXIV:1710.04213;%%},
	Title = {{Factoring the Strong CP Problem}},
	Year = {2017}}

@article{Riccardo:772,
	Author = {Riccardo de Sangro},
	Month = {Jan},
	Note = {25 min},
	Title = {SuperKEKB and Belle II Status and Prospects},
	Year = {2018}}

@article{Koratzinos:2015ywz,
	Archiveprefix = {arXiv},
	Author = {Koratzinos, M.},
	Booktitle = {{Proceedings, 2015 European Physical Society Conference on High Energy Physics (EPS-HEP 2015): Vienna, Austria, July 22-29, 2015}},
	Eprint = {1511.01021},
	Journal = {PoS},
	Pages = {518},
	Primaryclass = {physics.acc-ph},
	Slaccitation = {%%CITATION = ARXIV:1511.01021;%%},
	Title = {{The FCC-ee design study: luminosity and beam polarization}},
	Volume = {EPS-HEP2015},
	Year = {2015}}

@article{Aaltonen:2012jd,
	Archiveprefix = {arXiv},
	Author = {Aaltonen, T. and others},
	Collaboration = {CDF},
	Doi = {10.1103/PhysRevLett.110.101801},
	Eprint = {1212.4204},
	Journal = {Phys. Rev. Lett.},
	Number = {10},
	Pages = {101801},
	Primaryclass = {hep-ex},
	Reportnumber = {FERMILAB-PUB-12-655-E},
	Slaccitation = {%%CITATION = ARXIV:1212.4204;%%},
	Title = {{Measurement of the Cross Section for Prompt Isolated Diphoton Production Using the Full CDF Run II Data Sample}},
	Volume = {110},
	Year = {2013},
	Bdsk-Url-1 = {https://doi.org/10.1103/PhysRevLett.110.101801}}

@article{CMS:2015ocq,
	Author = {CMS Collaboration},
	Collaboration = {CMS},
	Reportnumber = {CMS-PAS-HIG-14-037},
	Slaccitation = {%%CITATION = CMS-PAS-HIG-14-037;%%},
	Title = {{Search for new resonances in the diphoton final state in the mass range between 80 and 115 GeV in pp collisions at $\sqrt{s}=8$ TeV}},
	Year = {2015}}

@article{CMS:2017yta,
	Author = {CMS Collaboration},
	Collaboration = {CMS},
	Reportnumber = {CMS-PAS-HIG-17-013},
	Slaccitation = {%%CITATION = CMS-PAS-HIG-17-013;%%},
	Title = {{Search for new resonances in the diphoton final state in the mass range between 70 and 110 GeV in pp collisions at $\sqrt{s}=$ 8 and 13 TeV}},
	Year = {2017}}

@article{Mariotti:2017vtv,
	Archiveprefix = {arXiv},
	Author = {Mariotti, Alberto and Redigolo, Diego and Sala, Filippo and Tobioka, Kohsaku},
	Eprint = {1710.01743},
	Primaryclass = {hep-ph},
	Reportnumber = {DESY-17-148},
	Slaccitation = {%%CITATION = ARXIV:1710.01743;%%},
	Title = {{New LHC bound on low-mass diphoton resonances}},
	Year = {2017}}

@article{Patrignani:2016xqp,
	Author = {Patrignani, C. and others},
	Collaboration = {Particle Data Group},
	Doi = {10.1088/1674-1137/40/10/100001},
	Journal = {Chin. Phys.},
	Number = {10},
	Pages = {100001},
	Slaccitation = {%%CITATION = CHPHD,C40,100001;%%},
	Title = {{Review of Particle Physics}},
	Volume = {C40},
	Year = {2016},
	Bdsk-Url-1 = {https://doi.org/10.1088/1674-1137/40/10/100001}}

@article{Kim:1979if,
	Author = {Kim, Jihn E.},
	Doi = {10.1103/PhysRevLett.43.103},
	Journal = {Phys. Rev. Lett.},
	Pages = {103},
	Reportnumber = {UPR-0120T},
	Slaccitation = {%%CITATION = PRLTA,43,103;%%},
	Title = {{Weak Interaction Singlet and Strong CP Invariance}},
	Volume = {43},
	Year = {1979},
	Bdsk-Url-1 = {https://doi.org/10.1103/PhysRevLett.43.103}}

@article{Shifman:1979if,
	Author = {Shifman, Mikhail A. and Vainshtein, A. I. and Zakharov, Valentin I.},
	Doi = {10.1016/0550-3213(80)90209-6},
	Journal = {Nucl. Phys.},
	Pages = {493-506},
	Reportnumber = {ITEP-64-1979},
	Slaccitation = {%%CITATION = NUPHA,B166,493;%%},
	Title = {{Can Confinement Ensure Natural CP Invariance of Strong Interactions?}},
	Volume = {B166},
	Year = {1980},
	Bdsk-Url-1 = {https://doi.org/10.1016/0550-3213(80)90209-6}}

@article{Aaboud:2016yuq,
	Archiveprefix = {arXiv},
	Author = {Aaboud, Morad and others},
	Collaboration = {ATLAS},
	Doi = {10.1140/epjc/s10052-016-4507-9},
	Eprint = {1606.01813},
	Journal = {Eur. Phys. J.},
	Number = {12},
	Pages = {666},
	Primaryclass = {hep-ex},
	Reportnumber = {CERN-EP-2016-110},
	Slaccitation = {%%CITATION = ARXIV:1606.01813;%%},
	Title = {{Measurement of the photon identification efficiencies with the ATLAS detector using LHC Run-1 data}},
	Volume = {C76},
	Year = {2016},
	Bdsk-Url-1 = {https://doi.org/10.1140/epjc/s10052-016-4507-9}}

@article{Sirunyan:2016iap,
	Archiveprefix = {arXiv},
	Author = {Sirunyan, Albert M and others},
	Collaboration = {CMS},
	Doi = {10.1016/j.physletb.2017.09.029, 10.1016/j.physletb.2017.02.012},
	Eprint = {1611.03568},
	Journal = {Phys. Lett.},
	Note = {[Erratum: Phys. Lett.B772,882(2017)]},
	Pages = {520-542},
	Primaryclass = {hep-ex},
	Reportnumber = {CMS-EXO-16-032, CERN-EP-2016-277},
	Slaccitation = {%%CITATION = ARXIV:1611.03568;%%},
	Title = {{Search for dijet resonances in proton?proton collisions at $\sqrt{s}$ = 13 TeV and constraints on dark matter and other models}},
	Volume = {B769},
	Year = {2017},
	Bdsk-Url-1 = {https://doi.org/10.1016/j.physletb.2017.09.029}}

@article{Heinemeyer:2013tqa,
	Archiveprefix = {arXiv},
	Author = {Andersen, J R and others},
	Collaboration = {LHC Higgs Cross Section Working Group},
	Doi = {10.5170/CERN-2013-004},
	Editor = {Heinemeyer, S and Mariotti, C and Passarino, G and Tanaka, R},
	Eprint = {1307.1347},
	Primaryclass = {hep-ph},
	Reportnumber = {CERN-2013-004, FERMILAB-CONF-13-667-T},
	Slaccitation = {%%CITATION = ARXIV:1307.1347;%%},
	Title = {{Handbook of LHC Higgs Cross Sections: 3. Higgs Properties}},
	Year = {2013},
	Bdsk-Url-1 = {https://doi.org/10.5170/CERN-2013-004}}

@article{Khachatryan:2017mnf,
	Archiveprefix = {arXiv},
	Author = {Khachatryan, Vardan and others},
	Collaboration = {CMS},
	Eprint = {1701.02032},
	Primaryclass = {hep-ex},
	Reportnumber = {CMS-HIG-16-015, CERN-EP-2016-292},
	Slaccitation = {%%CITATION = ARXIV:1701.02032;%%},
	Title = {{Search for light bosons in decays of the 125 GeV Higgs boson in proton-proton collisions at $\sqrt{s}$ = 8 TeV}},
	Year = {2017}}

@article{Barnard:2013zea,
	Archiveprefix = {arXiv},
	Author = {Barnard, James and Gherghetta, Tony and Ray, Tirtha Sankar},
	Doi = {10.1007/JHEP02(2014)002},
	Eprint = {1311.6562},
	Journal = {JHEP},
	Pages = {002},
	Primaryclass = {hep-ph},
	Slaccitation = {%%CITATION = ARXIV:1311.6562;%%},
	Title = {{UV descriptions of composite Higgs models without elementary scalars}},
	Volume = {02},
	Year = {2014},
	Bdsk-Url-1 = {https://doi.org/10.1007/JHEP02(2014)002}}

@article{Djouadi:2005gj,
	Archiveprefix = {arXiv},
	Author = {Djouadi, Abdelhak},
	Doi = {10.1016/j.physrep.2007.10.005},
	Eprint = {hep-ph/0503173},
	Journal = {Phys. Rept.},
	Pages = {1-241},
	Primaryclass = {hep-ph},
	Reportnumber = {LPT-ORSAY-05-18},
	Slaccitation = {%%CITATION = HEP-PH/0503173;%%},
	Title = {{The Anatomy of electro-weak symmetry breaking. II. The Higgs bosons in the minimal supersymmetric model}},
	Volume = {459},
	Year = {2008},
	Bdsk-Url-1 = {https://doi.org/10.1016/j.physrep.2007.10.005}}

@article{Aad:2012tfa,
	Archiveprefix = {arXiv},
	Author = {Aad, Georges and others},
	Collaboration = {ATLAS},
	Doi = {10.1016/j.physletb.2012.08.020},
	Eprint = {1207.7214},
	Journal = {Phys. Lett.},
	Pages = {1-29},
	Primaryclass = {hep-ex},
	Reportnumber = {CERN-PH-EP-2012-218},
	Slaccitation = {%%CITATION = ARXIV:1207.7214;%%},
	Title = {{Observation of a new particle in the search for the Standard Model Higgs boson with the ATLAS detector at the LHC}},
	Volume = {B716},
	Year = {2012},
	Bdsk-Url-1 = {https://doi.org/10.1016/j.physletb.2012.08.020}}

@article{Chatrchyan:2012xdj,
	Archiveprefix = {arXiv},
	Author = {Chatrchyan, Serguei and others},
	Collaboration = {CMS},
	Doi = {10.1016/j.physletb.2012.08.021},
	Eprint = {1207.7235},
	Journal = {Phys. Lett.},
	Pages = {30-61},
	Primaryclass = {hep-ex},
	Reportnumber = {CMS-HIG-12-028, CERN-PH-EP-2012-220},
	Slaccitation = {%%CITATION = ARXIV:1207.7235;%%},
	Title = {{Observation of a new boson at a mass of 125 GeV with the CMS experiment at the LHC}},
	Volume = {B716},
	Year = {2012},
	Bdsk-Url-1 = {https://doi.org/10.1016/j.physletb.2012.08.021}}

@article{Aad:2012tba,
	Archiveprefix = {arXiv},
	Author = {Aad, Georges and others},
	Collaboration = {ATLAS},
	Doi = {10.1007/JHEP01(2013)086},
	Eprint = {1211.1913},
	Journal = {JHEP},
	Pages = {086},
	Primaryclass = {hep-ex},
	Reportnumber = {CERN-PH-EP-2012-300},
	Slaccitation = {%%CITATION = ARXIV:1211.1913;%%},
	Title = {{Measurement of isolated-photon pair production in $pp$ collisions at $\sqrt{s}=7$ TeV with the ATLAS detector}},
	Volume = {01},
	Year = {2013},
	Bdsk-Url-1 = {https://doi.org/10.1007/JHEP01(2013)086}}

@article{Aaboud:2017vol,
	Archiveprefix = {arXiv},
	Author = {Aaboud, Morad and others},
	Collaboration = {ATLAS},
	Eprint = {1704.03839},
	Primaryclass = {hep-ex},
	Reportnumber = {CERN-EP-2017-040},
	Slaccitation = {%%CITATION = ARXIV:1704.03839;%%},
	Title = {{Measurements of integrated and differential cross sections for isolated photon pair production in pp collisions at $\sqrt{s}=8$ TeV with the ATLAS detector}},
	Year = {2017}}

@article{deFavereau:2013fsa,
	Archiveprefix = {arXiv},
	Author = {de Favereau, J. and Delaere, C. and Demin, P. and Giammanco, A. and Lema{\^\i}tre, V. and Mertens, A. and Selvaggi, M.},
	Collaboration = {DELPHES 3},
	Doi = {10.1007/JHEP02(2014)057},
	Eprint = {1307.6346},
	Journal = {JHEP},
	Pages = {057},
	Primaryclass = {hep-ex},
	Slaccitation = {%%CITATION = ARXIV:1307.6346;%%},
	Title = {{DELPHES 3, A modular framework for fast simulation of a generic collider experiment}},
	Volume = {02},
	Year = {2014},
	Bdsk-Url-1 = {https://doi.org/10.1007/JHEP02(2014)057}}

@article{Sjostrand:2007gs,
	Archiveprefix = {arXiv},
	Author = {Sjostrand, Torbjorn and Mrenna, Stephen and Skands, Peter Z.},
	Doi = {10.1016/j.cpc.2008.01.036},
	Eprint = {0710.3820},
	Journal = {Comput. Phys. Commun.},
	Pages = {852-867},
	Primaryclass = {hep-ph},
	Reportnumber = {CERN-LCGAPP-2007-04, LU-TP-07-28, FERMILAB-PUB-07-512-CD-T},
	Slaccitation = {%%CITATION = ARXIV:0710.3820;%%},
	Title = {{A Brief Introduction to PYTHIA 8.1}},
	Volume = {178},
	Year = {2008},
	Bdsk-Url-1 = {https://doi.org/10.1016/j.cpc.2008.01.036}}

@article{Aad:2014ioa,
	Archiveprefix = {arXiv},
	Author = {Aad, Georges and others},
	Collaboration = {ATLAS},
	Doi = {10.1103/PhysRevLett.113.171801},
	Eprint = {1407.6583},
	Journal = {Phys. Rev. Lett.},
	Number = {17},
	Pages = {171801},
	Primaryclass = {hep-ex},
	Reportnumber = {CERN-PH-EP-2014-142},
	Slaccitation = {%%CITATION = ARXIV:1407.6583;%%},
	Title = {{Search for Scalar Diphoton Resonances in the Mass Range $65-600$ GeV with the ATLAS Detector in $pp$ Collision Data at $\sqrt{s}$ = 8 $TeV$}},
	Volume = {113},
	Year = {2014},
	Bdsk-Url-1 = {https://doi.org/10.1103/PhysRevLett.113.171801}}

@article{Chatrchyan:2014fsa,
	Archiveprefix = {arXiv},
	Author = {Chatrchyan, Serguei and others},
	Collaboration = {CMS},
	Doi = {10.1140/epjc/s10052-014-3129-3},
	Eprint = {1405.7225},
	Journal = {Eur. Phys. J.},
	Number = {11},
	Pages = {3129},
	Primaryclass = {hep-ex},
	Reportnumber = {CMS-SMP-13-001, CERN-PH-EP-2014-067},
	Slaccitation = {%%CITATION = ARXIV:1405.7225;%%},
	Title = {{Measurement of differential cross sections for the production of a pair of isolated photons in pp collisions at $\sqrt{s}=7\,\text {TeV} $}},
	Volume = {C74},
	Year = {2014},
	Bdsk-Url-1 = {https://doi.org/10.1140/epjc/s10052-014-3129-3}}

@article{Sirunyan:2017nvi,
	Archiveprefix = {arXiv},
	Author = {Sirunyan, Albert M and others},
	Collaboration = {CMS},
	Eprint = {1710.00159},
	Primaryclass = {hep-ex},
	Reportnumber = {CMS-EXO-17-001, CERN-EP-2017-235},
	Slaccitation = {%%CITATION = ARXIV:1710.00159;%%},
	Title = {{Search for low mass vector resonances decaying into quark-antiquark pairs in proton-proton collisions at $\sqrt{s} = $ 13 TeV}},
	Year = {2017}}

@article{Adriani:1992zm,
	Author = {Adriani, O. and others},
	Collaboration = {L3},
	Doi = {10.1016/0370-2693(92)91205-N},
	Journal = {Phys. Lett.},
	Pages = {472-484},
	Reportnumber = {CERN-PPE-92-131},
	Slaccitation = {%%CITATION = PHLTA,B292,472;%%},
	Title = {{Isolated hard photon emission in hadronic Z0 decays}},
	Volume = {B292},
	Year = {1992},
	Bdsk-Url-1 = {https://doi.org/10.1016/0370-2693(92)91205-N}}

@article{Lees:2011wb,
	Archiveprefix = {arXiv},
	Author = {Lees, J. P. and others},
	Collaboration = {BaBar},
	Doi = {10.1103/PhysRevLett.107.221803},
	Eprint = {1108.3549},
	Journal = {Phys. Rev. Lett.},
	Pages = {221803},
	Primaryclass = {hep-ex},
	Reportnumber = {SLAC-PUB-14541, BABAR-PUB-11-019, REPORT-NO:-BABAR-PUB-11-019},
	Slaccitation = {%%CITATION = ARXIV:1108.3549;%%},
	Title = {{Search for hadronic decays of a light Higgs boson in the radiative decay $\Upsilon \to \gamma A^0$}},
	Volume = {107},
	Year = {2011},
	Bdsk-Url-1 = {https://doi.org/10.1103/PhysRevLett.107.221803}}

@article{toappear,
	Author = {Low, Matthew and Mariotti, Alberto and Redigolo, Diego and Sala, Filippo and Tobioka, Kohsaku},
	Title = {{Boosted Axion-like particles}},
	Year = {to appear}}

@article{Berezhiani:2000gh,
	Archiveprefix = {arXiv},
	Author = {Berezhiani, Zurab and Gianfagna, Leonida and Giannotti, Maurizio},
	Doi = {10.1016/S0370-2693(00)01392-7},
	Eprint = {hep-ph/0009290},
	Journal = {Phys. Lett.},
	Pages = {286-296},
	Primaryclass = {hep-ph},
	Reportnumber = {DFAQ-TH-2000-04},
	Slaccitation = {%%CITATION = HEP-PH/0009290;%%},
	Title = {{Strong CP problem and mirror world: The Weinberg-Wilczek axion revisited}},
	Volume = {B500},
	Year = {2001},
	Bdsk-Url-1 = {https://doi.org/10.1016/S0370-2693(00)01392-7}}

@article{Hook:2014cda,
	Archiveprefix = {arXiv},
	Author = {Hook, Anson},
	Doi = {10.1103/PhysRevLett.114.141801},
	Eprint = {1411.3325},
	Journal = {Phys. Rev. Lett.},
	Number = {14},
	Pages = {141801},
	Primaryclass = {hep-ph},
	Slaccitation = {%%CITATION = ARXIV:1411.3325;%%},
	Title = {{Anomalous solutions to the strong CP problem}},
	Volume = {114},
	Year = {2015},
	Bdsk-Url-1 = {https://doi.org/10.1103/PhysRevLett.114.141801}}

@article{Fukuda:2015ana,
	Archiveprefix = {arXiv},
	Author = {Fukuda, Hajime and Harigaya, Keisuke and Ibe, Masahiro and Yanagida, Tsutomu T.},
	Doi = {10.1103/PhysRevD.92.015021},
	Eprint = {1504.06084},
	Journal = {Phys. Rev.},
	Number = {1},
	Pages = {015021},
	Primaryclass = {hep-ph},
	Reportnumber = {IPMU15-0050},
	Slaccitation = {%%CITATION = ARXIV:1504.06084;%%},
	Title = {{Model of visible QCD axion}},
	Volume = {D92},
	Year = {2015},
	Bdsk-Url-1 = {https://doi.org/10.1103/PhysRevD.92.015021}}

@article{Ball:2013bra,
	Archiveprefix = {arXiv},
	Author = {Ball, Richard D. and Bonvini, Marco and Forte, Stefano and Marzani, Simone and Ridolfi, Giovanni},
	Doi = {10.1016/j.nuclphysb.2013.06.012},
	Eprint = {1303.3590},
	Journal = {Nucl. Phys.},
	Pages = {746-772},
	Primaryclass = {hep-ph},
	Reportnumber = {DCPT-13-30, DESY-13-001, EDINBURGH-2012-25, IFUM-1010-FT, IPPP-13-15, --IPPP-13-15},
	Slaccitation = {%%CITATION = ARXIV:1303.3590;%%},
	Title = {{Higgs production in gluon fusion beyond NNLO}},
	Volume = {B874},
	Year = {2013},
	Bdsk-Url-1 = {https://doi.org/10.1016/j.nuclphysb.2013.06.012}}

@article{Bonvini:2014jma,
	Archiveprefix = {arXiv},
	Author = {Bonvini, Marco and Ball, Richard D. and Forte, Stefano and Marzani, Simone and Ridolfi, Giovanni},
	Doi = {10.1088/0954-3899/41/9/095002},
	Eprint = {1404.3204},
	Journal = {J. Phys.},
	Pages = {095002},
	Primaryclass = {hep-ph},
	Reportnumber = {DESY-14-052, IFUM-1026-FT, DCPT-14-62, IPPP-14-31},
	Slaccitation = {%%CITATION = ARXIV:1404.3204;%%},
	Title = {{Updated Higgs cross section at approximate N$^3$LO}},
	Volume = {G41},
	Year = {2014},
	Bdsk-Url-1 = {https://doi.org/10.1088/0954-3899/41/9/095002}}

@article{Bonvini:2016frm,
	Archiveprefix = {arXiv},
	Author = {Bonvini, Marco and Marzani, Simone and Muselli, Claudio and Rottoli, Luca},
	Doi = {10.1007/JHEP08(2016)105},
	Eprint = {1603.08000},
	Journal = {JHEP},
	Pages = {105},
	Primaryclass = {hep-ph},
	Reportnumber = {OUTP-16-05P, TIF-UNIMI-2016-2},
	Slaccitation = {%%CITATION = ARXIV:1603.08000;%%},
	Title = {{On the Higgs cross section at N$^{3}$LO+N$^{3}$LL and its uncertainty}},
	Volume = {08},
	Year = {2016},
	Bdsk-Url-1 = {https://doi.org/10.1007/JHEP08(2016)105}}

@article{Aaboud:2018gmx,
	Archiveprefix = {arXiv},
	Author = {Aaboud, Morad and others},
	Collaboration = {ATLAS},
	Eprint = {1803.11145},
	Journal = {Submitted to: Phys. Lett.},
	Primaryclass = {hep-ex},
	Reportnumber = {CERN-EP-2017-295},
	Slaccitation = {%%CITATION = ARXIV:1803.11145;%%},
	Title = {{Search for Higgs boson decays into pairs of light (pseudo)scalar particles in the $\gamma\gamma jj$ final state in $pp$ collisions at $\sqrt{s}=13$ TeV with the ATLAS detector}},
	Year = {2018}}

@article{Ahmed:2016otz,
	Archiveprefix = {arXiv},
	Author = {Ahmed, Taushif and Bonvini, Marco and Kumar, M. C. and Mathews, Prakash and Rana, Narayan and Ravindran, V. and Rottoli, Luca},
	Doi = {10.1140/epjc/s10052-016-4510-1},
	Eprint = {1606.00837},
	Journal = {Eur. Phys. J.},
	Number = {12},
	Pages = {663},
	Primaryclass = {hep-ph},
	Reportnumber = {OUTP-16-13P},
	Slaccitation = {%%CITATION = ARXIV:1606.00837;%%},
	Title = {{Pseudo-scalar Higgs boson production at N$^3$ LO$_{\text {A}}$ +N$^3$ LL $'$}},
	Volume = {C76},
	Year = {2016},
	Bdsk-Url-1 = {https://doi.org/10.1140/epjc/s10052-016-4510-1}}

@article{Alloul:2013bka,
	Archiveprefix = {arXiv},
	Author = {Alloul, Adam and Christensen, Neil D. and Degrande, C{\'e}line and Duhr, Claude and Fuks, Benjamin},
	Doi = {10.1016/j.cpc.2014.04.012},
	Eprint = {1310.1921},
	Journal = {Comput. Phys. Commun.},
	Pages = {2250-2300},
	Primaryclass = {hep-ph},
	Reportnumber = {CERN-PH-TH-2013-239, MCNET-13-14, IPPP-13-71, DCPT-13-142, --PITT-PACC-1308},
	Slaccitation = {%%CITATION = ARXIV:1310.1921;%%},
	Title = {{FeynRules 2.0 - A complete toolbox for tree-level phenomenology}},
	Volume = {185},
	Year = {2014},
	Bdsk-Url-1 = {https://doi.org/10.1016/j.cpc.2014.04.012}}

@article{Alwall:2011uj,
	Archiveprefix = {arXiv},
	Author = {Alwall, Johan and Herquet, Michel and Maltoni, Fabio and Mattelaer, Olivier and Stelzer, Tim},
	Doi = {10.1007/JHEP06(2011)128},
	Eprint = {1106.0522},
	Journal = {JHEP},
	Pages = {128},
	Primaryclass = {hep-ph},
	Reportnumber = {FERMILAB-PUB-11-448-T},
	Slaccitation = {%%CITATION = ARXIV:1106.0522;%%},
	Title = {{MadGraph 5 : Going Beyond}},
	Volume = {06},
	Year = {2011},
	Bdsk-Url-1 = {https://doi.org/10.1007/JHEP06(2011)128}}

@article{Alwall:2014hca,
	Archiveprefix = {arXiv},
	Author = {Alwall, J. and Frederix, R. and Frixione, S. and Hirschi, V. and Maltoni, F. and Mattelaer, O. and Shao, H. -S. and Stelzer, T. and Torrielli, P. and Zaro, M.},
	Doi = {10.1007/JHEP07(2014)079},
	Eprint = {1405.0301},
	Journal = {JHEP},
	Pages = {079},
	Primaryclass = {hep-ph},
	Reportnumber = {CERN-PH-TH-2014-064, CP3-14-18, LPN14-066, MCNET-14-09, ZU-TH-14-14},
	Slaccitation = {%%CITATION = ARXIV:1405.0301;%%},
	Title = {{The automated computation of tree-level and next-to-leading order differential cross sections, and their matching to parton shower simulations}},
	Volume = {07},
	Year = {2014},
	Bdsk-Url-1 = {https://doi.org/10.1007/JHEP07(2014)079}}

@article{Dimopoulos:2016lvn,
	Archiveprefix = {arXiv},
	Author = {Dimopoulos, Savas and Hook, Anson and Huang, Junwu and Marques-Tavares, Gustavo},
	Doi = {10.1007/JHEP11(2016)052},
	Eprint = {1606.03097},
	Journal = {JHEP},
	Pages = {052},
	Primaryclass = {hep-ph},
	Slaccitation = {%%CITATION = ARXIV:1606.03097;%%},
	Title = {{A collider observable QCD axion}},
	Volume = {11},
	Year = {2016},
	Bdsk-Url-1 = {https://doi.org/10.1007/JHEP11(2016)052}}

@article{Ellis:2012sd,
	Archiveprefix = {arXiv},
	Author = {Ellis, Stephen D. and Roy, Tuhin S. and Scholtz, Jakub},
	Doi = {10.1103/PhysRevLett.110.122003},
	Eprint = {1210.1855},
	Journal = {Phys. Rev. Lett.},
	Number = {12},
	Pages = {122003},
	Primaryclass = {hep-ph},
	Slaccitation = {%%CITATION = ARXIV:1210.1855;%%},
	Title = {{Jets and Photons}},
	Volume = {110},
	Year = {2013},
	Bdsk-Url-1 = {https://doi.org/10.1103/PhysRevLett.110.122003}}

@article{Ellis:2012zp,
	Archiveprefix = {arXiv},
	Author = {Ellis, Stephen D. and Roy, Tuhin S. and Scholtz, Jakub},
	Doi = {10.1103/PhysRevD.87.014015},
	Eprint = {1210.3657},
	Journal = {Phys. Rev.},
	Number = {1},
	Pages = {014015},
	Primaryclass = {hep-ph},
	Slaccitation = {%%CITATION = ARXIV:1210.3657;%%},
	Title = {{Phenomenology of Photon-Jets}},
	Volume = {D87},
	Year = {2013},
	Bdsk-Url-1 = {https://doi.org/10.1103/PhysRevD.87.014015}}

@article{Khachatryan:2016vau,
	Archiveprefix = {arXiv},
	Author = {Aad, Georges and others},
	Collaboration = {ATLAS, CMS},
	Doi = {10.1007/JHEP08(2016)045},
	Eprint = {1606.02266},
	Journal = {JHEP},
	Pages = {045},
	Primaryclass = {hep-ex},
	Reportnumber = {CERN-EP-2016-100, ATLAS-HIGG-2015-07, CMS-HIG-15-002},
	Slaccitation = {%%CITATION = ARXIV:1606.02266;%%},
	Title = {{Measurements of the Higgs boson production and decay rates and constraints on its couplings from a combined ATLAS and CMS analysis of the LHC pp collision data at $ \sqrt{s}=7 $ and 8 TeV}},
	Volume = {08},
	Year = {2016},
	Bdsk-Url-1 = {https://doi.org/10.1007/JHEP08(2016)045}}

@article{Peccei:1977hh,
	Author = {Peccei, R. D. and Quinn, Helen R.},
	Doi = {10.1103/PhysRevLett.38.1440},
	Journal = {Phys. Rev. Lett.},
	Note = {[,328(1977)]},
	Pages = {1440-1443},
	Reportnumber = {ITP-568-STANFORD},
	Slaccitation = {%%CITATION = PRLTA,38,1440;%%},
	Title = {{CP Conservation in the Presence of Instantons}},
	Volume = {38},
	Year = {1977},
	Bdsk-Url-1 = {https://doi.org/10.1103/PhysRevLett.38.1440}}

@article{Nelson:1993nf,
	Archiveprefix = {arXiv},
	Author = {Nelson, Ann E. and Seiberg, Nathan},
	Doi = {10.1016/0550-3213(94)90577-0},
	Eprint = {hep-ph/9309299},
	Journal = {Nucl. Phys.},
	Pages = {46-62},
	Primaryclass = {hep-ph},
	Reportnumber = {UCSD-PTH-93-27, RU-93-42},
	Slaccitation = {%%CITATION = HEP-PH/9309299;%%},
	Title = {{R symmetry breaking versus supersymmetry breaking}},
	Volume = {B416},
	Year = {1994},
	Bdsk-Url-1 = {https://doi.org/10.1016/0550-3213(94)90577-0}}

@article{Ferretti:2013kya,
	Archiveprefix = {arXiv},
	Author = {Ferretti, Gabriele and Karateev, Denis},
	Doi = {10.1007/JHEP03(2014)077},
	Eprint = {1312.5330},
	Journal = {JHEP},
	Pages = {077},
	Primaryclass = {hep-ph},
	Slaccitation = {%%CITATION = ARXIV:1312.5330;%%},
	Title = {{Fermionic UV completions of Composite Higgs models}},
	Volume = {03},
	Year = {2014},
	Bdsk-Url-1 = {https://doi.org/10.1007/JHEP03(2014)077}}

@article{Ferretti:2014qta,
	Archiveprefix = {arXiv},
	Author = {Ferretti, Gabriele},
	Doi = {10.1007/JHEP06(2014)142},
	Eprint = {1404.7137},
	Journal = {JHEP},
	Pages = {142},
	Primaryclass = {hep-ph},
	Slaccitation = {%%CITATION = ARXIV:1404.7137;%%},
	Title = {{UV Completions of Partial Compositeness: The Case for a SU(4) Gauge Group}},
	Volume = {06},
	Year = {2014},
	Bdsk-Url-1 = {https://doi.org/10.1007/JHEP06(2014)142}}

@article{Bellazzini:2017neg,
	Archiveprefix = {arXiv},
	Author = {Bellazzini, Brando and Mariotti, Alberto and Redigolo, Diego and Sala, Filippo and Serra, Javi},
	Doi = {10.1103/PhysRevLett.119.141804},
	Eprint = {1702.02152},
	Journal = {Phys. Rev. Lett.},
	Number = {14},
	Pages = {141804},
	Primaryclass = {hep-ph},
	Reportnumber = {CERN-TH-2017-032, Saclay-t17/014},
	Slaccitation = {%%CITATION = ARXIV:1702.02152;%%},
	Title = {{$R$-axion at colliders}},
	Volume = {119},
	Year = {2017},
	Bdsk-Url-1 = {https://doi.org/10.1103/PhysRevLett.119.141804}}

@article{Gleisberg:2008ta,
	Archiveprefix = {arXiv},
	Author = {Gleisberg, T. and Hoeche, Stefan. and Krauss, F. and Schonherr, M. and Schumann, S. and Siegert, F. and Winter, J.},
	Doi = {10.1088/1126-6708/2009/02/007},
	Eprint = {0811.4622},
	Journal = {JHEP},
	Pages = {007},
	Primaryclass = {hep-ph},
	Reportnumber = {FERMILAB-PUB-08-477-T, SLAC-PUB-13420, ZU-TH-17-08, DCPT-08-138, IPPP-08-69, EDINBURGH-2008-30, MCNET-08-14},
	Slaccitation = {%%CITATION = ARXIV:0811.4622;%%},
	Title = {{Event generation with SHERPA 1.1}},
	Volume = {02},
	Year = {2009},
	Bdsk-Url-1 = {https://doi.org/10.1088/1126-6708/2009/02/007}}

@techreport{ATL-PHYS-PUB-2016-026,
	Address = {Geneva},
	Collaboration = {ATLAS Collaboration},
	Institution = {CERN},
	Month = {Oct},
	Number = {ATL-PHYS-PUB-2016-026},
	Reportnumber = {ATL-PHYS-PUB-2016-026},
	Title = {{Expected performance for an upgraded ATLAS detector at High-Luminosity LHC}},
	Url = {https://cds.cern.ch/record/2223839},
	Year = {2016},
	Bdsk-Url-1 = {https://cds.cern.ch/record/2223839}}

@article{Aaboud:2017yvp,
	Archiveprefix = {arXiv},
	Author = {Aaboud, Morad and others},
	Collaboration = {ATLAS},
	Doi = {10.1103/PhysRevD.96.052004},
	Eprint = {1703.09127},
	Journal = {Phys. Rev.},
	Number = {5},
	Pages = {052004},
	Primaryclass = {hep-ex},
	Reportnumber = {CERN-EP-2017-042},
	Slaccitation = {%%CITATION = ARXIV:1703.09127;%%},
	Title = {{Search for new phenomena in dijet events using 37 fb$^{-1}$ of $pp$ collision data collected at $\sqrt{s}=$13 TeV with the ATLAS detector}},
	Volume = {D96},
	Year = {2017},
	Bdsk-Url-1 = {https://doi.org/10.1103/PhysRevD.96.052004}}

@article{ATLAS-CONF-2018-030,
	Author = {The ATLAS collaboration},
	Collaboration = {ATLAS},
	Reportnumber = {ATLAS-CONF-2018-030},
	Slaccitation = {%%CITATION = ATLAS-CONF-2018-030;%%},
	Title = {{Observation of electroweak production of a same-sign $W$ boson pair in association with two jets in $pp$ collisions at $\sqrt{s}=13$ TeV with the ATLAS detector}},
	Year = {2018}}

@article{ATLAS-CONF-2018-033,
	Author = {The ATLAS collaboration},
	Collaboration = {ATLAS},
	Reportnumber = {ATLAS-CONF-2018-033},
	Slaccitation = {%%CITATION = ATLAS-CONF-2018-033;%%},
	Title = {{Observation of electroweak $W^{\pm}Z$ boson pair production in association with two jets in pp collisions at $\sqrt{s}$ = 13TeV with the ATLAS Detector}},
	Year = {2018}}

@techreport{ATL-PHYS-PUB-2016-013,
	Address = {Geneva},
	Collaboration = {ATLAS Collaboration},
	Institution = {CERN},
	Month = {Jul},
	Number = {ATL-PHYS-PUB-2016-013},
	Reportnumber = {ATL-PHYS-PUB-2016-013},
	Title = {{Boosted Object Tagging with Variable-$R$ Jets in the ATLAS Detector}},
	Url = {http://cds.cern.ch/record/2199360},
	Year = {2016},
	Bdsk-Url-1 = {http://cds.cern.ch/record/2199360}}

@techreport{ATL-PHYS-PUB-2018-022,
	Address = {Geneva},
	Collaboration = {ATLAS Collaboration},
	Institution = {CERN},
	Month = {Oct},
	Number = {ATL-PHYS-PUB-2018-022},
	Reportnumber = {ATL-PHYS-PUB-2018-022},
	Title = {{HL-LHC prospects for diboson resonance searches and electroweak vector boson scattering in the $WW/WZ\to\ell\nu qq$ final state}},
	Url = {http://cds.cern.ch/record/2645269},
	Year = {2018},
	Bdsk-Url-1 = {http://cds.cern.ch/record/2645269}}

@article{Baur:1989kv,
	Author = {Baur, U. and Spira, M. and Zerwas, P. M.},
	Doi = {10.1103/PhysRevD.42.815},
	Journal = {Phys. Rev.},
	Pages = {815-824},
	Reportnumber = {MAD-PH-534, PITHA-89-26},
	Slaccitation = {%%CITATION = PHRVA,D42,815;%%},
	Title = {{Excited Quark and Lepton Production at Hadron Colliders}},
	Volume = {D42},
	Year = {1990},
	Bdsk-Url-1 = {https://doi.org/10.1103/PhysRevD.42.815}}

@article{Bertolini:2014bba,
	Archiveprefix = {arXiv},
	Author = {Bertolini, Daniele and Harris, Philip and Low, Matthew and Tran, Nhan},
	Doi = {10.1007/JHEP10(2014)059},
	Eprint = {1407.6013},
	Journal = {JHEP},
	Pages = {059},
	Primaryclass = {hep-ph},
	Reportnumber = {FERMILAB-PUB-14-238-PPD, EFI-14-18, MIT-CTP-4558},
	Slaccitation = {%%CITATION = ARXIV:1407.6013;%%},
	Title = {{Pileup Per Particle Identification}},
	Volume = {10},
	Year = {2014},
	Bdsk-Url-1 = {https://doi.org/10.1007/JHEP10(2014)059}}

@article{CMS-PAS-TOP-16-021,
	Author = {CMS Collaboration},
	Collaboration = {CMS},
	Reportnumber = {CMS-PAS-TOP-16-021},
	Slaccitation = {%%CITATION = CMS-PAS-TOP-16-021;%%},
	Title = {{Investigations of the impact of the parton shower tuning in Pythia 8 in the modelling of $\mathrm{t\overline{t}}$ at $\sqrt{s}=8$ and 13 TeV}},
	Year = {2016}}

@article{Dermisek:2015vra,
	Archiveprefix = {arXiv},
	Author = {Dermisek, Radovan and Lunghi, Enrico and Shin, Seodong},
	Doi = {10.1007/JHEP08(2015)126},
	Eprint = {1503.08829},
	Journal = {JHEP},
	Pages = {126},
	Primaryclass = {hep-ph},
	Reportnumber = {IUHET-594},
	Slaccitation = {%%CITATION = ARXIV:1503.08829;%%},
	Title = {{Contributions of flavor violating couplings of a Higgs boson to $pp \to WW$}},
	Volume = {08},
	Year = {2015},
	Bdsk-Url-1 = {https://doi.org/10.1007/JHEP08(2015)126}}

@article{Aaboud:2018knk,
	Archiveprefix = {arXiv},
	Author = {Aaboud, Morad and others},
	Collaboration = {ATLAS},
	Eprint = {1804.06174},
	Primaryclass = {hep-ex},
	Reportnumber = {CERN-EP-2018-029},
	Slaccitation = {%%CITATION = ARXIV:1804.06174;%%},
	Title = {{Search for pair production of Higgs bosons in the $b\bar{b}b\bar{b}$ final state using proton-proton collisions at $\sqrt{s} = 13$ TeV with the ATLAS detector}},
	Year = {2018}}

@article{Frixione:2007nw,
	Archiveprefix = {arXiv},
	Author = {Frixione, Stefano and Nason, Paolo and Ridolfi, Giovanni},
	Doi = {10.1088/1126-6708/2007/09/126},
	Eprint = {0707.3088},
	Journal = {JHEP},
	Pages = {126},
	Primaryclass = {hep-ph},
	Reportnumber = {BICOCCA-FT-07-12, GEF-TH-19-2007},
	Slaccitation = {%%CITATION = ARXIV:0707.3088;%%},
	Title = {{A Positive-weight next-to-leading-order Monte Carlo for heavy flavour hadroproduction}},
	Volume = {09},
	Year = {2007},
	Bdsk-Url-1 = {https://doi.org/10.1088/1126-6708/2007/09/126}}

@article{Larkoski:2015yqa,
	Archiveprefix = {arXiv},
	Author = {Larkoski, Andrew J. and Maltoni, Fabio and Selvaggi, Michele},
	Doi = {10.1007/JHEP06(2015)032},
	Eprint = {1503.03347},
	Journal = {JHEP},
	Pages = {032},
	Primaryclass = {hep-ph},
	Reportnumber = {MIT-CTP-4651, CP3-15-06, MCNET-15-05},
	Slaccitation = {%%CITATION = ARXIV:1503.03347;%%},
	Title = {{Tracking down hyper-boosted top quarks}},
	Volume = {06},
	Year = {2015},
	Bdsk-Url-1 = {https://doi.org/10.1007/JHEP06(2015)032}}

@article{Nason:2004rx,
	Archiveprefix = {arXiv},
	Author = {Nason, Paolo},
	Doi = {10.1088/1126-6708/2004/11/040},
	Eprint = {hep-ph/0409146},
	Journal = {JHEP},
	Pages = {040},
	Primaryclass = {hep-ph},
	Reportnumber = {BICOCCA-FT-04-11},
	Slaccitation = {%%CITATION = HEP-PH/0409146;%%},
	Title = {{A New method for combining NLO QCD with shower Monte Carlo algorithms}},
	Volume = {11},
	Year = {2004},
	Bdsk-Url-1 = {https://doi.org/10.1088/1126-6708/2004/11/040}}

@article{Sirunyan:2017ulk,
	__Markedentry = {[riccardotorre:]},
	Archiveprefix = {arXiv},
	Author = {Sirunyan, A. M. and others},
	Collaboration = {CMS},
	Doi = {10.1088/1748-0221/12/10/P10003},
	Eprint = {1706.04965},
	Journal = {JINST},
	Number = {10},
	Pages = {P10003},
	Primaryclass = {physics.ins-det},
	Reportnumber = {CMS-PRF-14-001, CERN-EP-2017-110},
	Slaccitation = {%%CITATION = ARXIV:1706.04965;%%},
	Title = {{Particle-flow reconstruction and global event description with the CMS detector}},
	Volume = {12},
	Year = {2017},
	Bdsk-Url-1 = {https://doi.org/10.1088/1748-0221/12/10/P10003}}

@article{Skands:2014pea,
	__Markedentry = {[riccardotorre:6]},
	Archiveprefix = {arXiv},
	Author = {Skands, Peter and Carrazza, Stefano and Rojo, Juan},
	Doi = {10.1140/epjc/s10052-014-3024-y},
	Eprint = {1404.5630},
	Journal = {Eur. Phys. J.},
	Number = {8},
	Pages = {3024},
	Primaryclass = {hep-ph},
	Reportnumber = {CERN-PH-TH-2014-069, MCNET-14-08, OUTP-14-05P},
	Slaccitation = {%%CITATION = ARXIV:1404.5630;%%},
	Title = {{Tuning PYTHIA 8.1: the Monash 2013 Tune}},
	Volume = {C74},
	Year = {2014},
	Bdsk-Url-1 = {https://doi.org/10.1140/epjc/s10052-014-3024-y}}

@article{CUETP8M1,
	Archiveprefix = {arXiv},
	Author = {Khachatryan, Vardan and others},
	Collaboration = {CMS},
	Doi = {10.1140/epjc/s10052-016-3988-x},
	Eprint = {1512.00815},
	Journal = {Eur. Phys. J. C},
	Pages = {155},
	Primaryclass = {hep-ex},
	Reportnumber = {CMS-GEN-14-001, CERN-PH-EP-2015-291},
	Slaccitation = {%%CITATION = ARXIV:1512.00815;%%},
	Title = {{Event generator tunes obtained from underlying event and multiparton scattering measurements}},
	Volume = {76},
	Year = {2016},
	Bdsk-Url-1 = {https://doi.org/10.1140/epjc/s10052-016-3988-x}}

@article{deFavereau2014,
	Collaboration = {{DELPHES 3}},
	Doi = {10.1007/JHEP02(2014)057},
	Issn = {1029-8479},
	Journal = {JHEP},
	Pages = {57},
	Title = {DELPHES 3: a modular framework for fast simulation of a generic collider experiment},
	Url = {https://doi.org/10.1007/JHEP02(2014)057},
	Volume = {2014},
	Year = {2014},
	Bdsk-Url-1 = {https://doi.org/10.1007/JHEP02(2014)057}}

@article{ed,
	Archiveprefix = {arXiv},
	Author = {Arkani-Hamed, Nima and Dimopoulos, Savas and Dvali, G. R.},
	Doi = {10.1016/S0370-2693(98)00466-3},
	Eprint = {hep-ph/9803315},
	Journal = {Phys. Lett. B},
	Pages = {263},
	Slaccitation = {%%CITATION = HEP-PH/9803315;%%},
	Title = {{The hierarchy problem and new dimensions at a millimeter}},
	Volume = {429},
	Year = {1998},
	Bdsk-Url-1 = {https://doi.org/10.1016/S0370-2693(98)00466-3}}

@article{littlehiggs,
	Archiveprefix = {arXiv},
	Author = {Arkani-Hamed, Nima and Cohen, Andrew G. and Georgi, Howard},
	Doi = {10.1016/S0370-2693(01)00741-9},
	Eprint = {hep-ph/0105239},
	Journal = {Phys. Lett. B},
	Pages = {232},
	Slaccitation = {%%CITATION = HEP-PH/0105239;%%},
	Title = {{Electroweak symmetry breaking from dimensional deconstruction}},
	Volume = {513},
	Year = {2001},
	Bdsk-Url-1 = {https://doi.org/10.1016/S0370-2693(01)00741-9}}

@article{mssm,
	Author = {Dimopoulos, Savas and Georgi, Howard},
	Doi = {10.1016/0550-3213(81)90522-8},
	Journal = {Nucl. Phys. B},
	Pages = {150},
	Slaccitation = {%%CITATION = NUPHA,B193,150;%%},
	Title = {{Softly Broken Supersymmetry and SU(5)}},
	Volume = {193},
	Year = {1981},
	Bdsk-Url-1 = {https://doi.org/10.1016/0550-3213(81)90522-8}}

@article{nsd,
	Author = {Weinberg, Steven},
	Doi = {10.1103/PhysRevD.13.974},
	Journal = {Phys. Rev. D},
	Pages = {974},
	Slaccitation = {%%CITATION = PHRVA,D13,974;%%},
	Title = {{Implications of Dynamical Symmetry Breaking}},
	Volume = {13},
	Year = {1976},
	Bdsk-Url-1 = {https://doi.org/10.1103/PhysRevD.13.974}}

@article{nsd2,
	Author = {Susskind, Leonard},
	Doi = {10.1103/PhysRevD.20.2619},
	Journal = {Phys. Rev. D},
	Pages = {2619},
	Slaccitation = {%%CITATION = PHRVA,D20,2619;%%},
	Title = {{Dynamics of Spontaneous Symmetry Breaking in the Weinberg- Salam Theory}},
	Volume = {20},
	Year = {1979},
	Bdsk-Url-1 = {https://doi.org/10.1103/PhysRevD.20.2619}}

@article{nsd3,
	Archiveprefix = {arXiv},
	Author = {Hill, Christopher T. and Parke, Stephen J.},
	Doi = {10.1103/PhysRevD.49.4454},
	Eprint = {hep-ph/9312324},
	Journal = {Phys. Rev. D},
	Pages = {4454},
	Slaccitation = {%%CITATION = HEP-PH/9312324;%%},
	Title = {{Top production: Sensitivity to new physics}},
	Volume = {49},
	Year = {1994},
	Bdsk-Url-1 = {https://doi.org/10.1103/PhysRevD.49.4454}}

@article{nsd4,
	Archiveprefix = {arXiv},
	Author = {Chivukula, R. Sekhar and Dobrescu, Bogdan A. and Georgi, Howard and Hill, Christopher T.},
	Doi = {10.1103/PhysRevD.59.075003},
	Eprint = {hep-ph/9809470},
	Journal = {Phys. Rev. D},
	Pages = {075003},
	Slaccitation = {%%CITATION = HEP-PH/9809470;%%},
	Title = {{Top quark seesaw theory of electroweak symmetry breaking}},
	Volume = {59},
	Year = {1999},
	Bdsk-Url-1 = {https://doi.org/10.1103/PhysRevD.59.075003}}

@article{rs1,
	Archiveprefix = {arXiv},
	Author = {Randall, Lisa and Sundrum, Raman},
	Doi = {10.1103/PhysRevLett.83.3370},
	Eprint = {hep-ph/9905221},
	Journal = {Phys. Rev. Lett.},
	Pages = {3370},
	Slaccitation = {%%CITATION = HEP-PH/9905221;%%},
	Title = {{A large mass hierarchy from a small extra dimension}},
	Volume = {83},
	Year = {1999},
	Bdsk-Url-1 = {https://doi.org/10.1103/PhysRevLett.83.3370}}

@article{rs2,
	Archiveprefix = {arXiv},
	Author = {Randall, Lisa and Sundrum, Raman},
	Doi = {10.1103/PhysRevLett.83.4690},
	Eprint = {hep-th/9906064},
	Journal = {Phys. Rev. Lett.},
	Pages = {4690},
	Slaccitation = {%%CITATION = HEP-TH/9906064;%%},
	Title = {{An alternative to compactification}},
	Volume = {83},
	Year = {1999},
	Bdsk-Url-1 = {https://doi.org/10.1103/PhysRevLett.83.4690}}

@article{NSUBJETS,
	Archiveprefix = {arXiv},
	Author = {Thaler, Jesse and Van Tilburg, Ken},
	Doi = {10.1007/JHEP02(2012)093},
	Eprint = {1108.2701},
	Journal = {JHEP},
	Pages = {093},
	Primaryclass = {hep-ph},
	Reportnumber = {MIT-CTP-4287},
	Slaccitation = {%%CITATION = ARXIV:1108.2701;%%},
	Title = {{Maximizing boosted top identification by minimizing $N$-subjettiness}},
	Volume = {02},
	Year = {2012},
	Bdsk-Url-1 = {https://doi.org/10.1007/JHEP02(2012)093}}

@article{PYTHIA82,
	Archiveprefix = {arXiv},
	Author = {Sj{\"o}strand, Torbj{\"o}rn and Ask, Stefan and Christiansen, Jesper R. and Corke, Richard and Desai, Nishita and Ilten, Philip and Mrenna, Stephen and Prestel, Stefan and Rasmussen, Christine O. and Skands, Peter Z.},
	Doi = {10.1016/j.cpc.2015.01.024},
	Eprint = {1410.3012},
	Journal = {Comput. Phys. Commun.},
	Pages = {159},
	Primaryclass = {hep-ph},
	Reportnumber = {LU-TP-14-36, MCNET-14-22, CERN-PH-TH-2014-190, FERMILAB-PUB-14-316-CD, DESY-14-178, SLAC-PUB-16122},
	Slaccitation = {%%CITATION = ARXIV:1410.3012;%%},
	Title = {{An Introduction to PYTHIA 8.2}},
	Volume = {191},
	Year = {2015},
	Bdsk-Url-1 = {https://doi.org/10.1016/j.cpc.2015.01.024}}

@article{softdrop,
	Archiveprefix = {arXiv},
	Author = {Larkoski, Andrew J. and Marzani, Simone and Soyez, Gregory and Thaler, Jesse},
	Doi = {10.1007/JHEP05(2014)146},
	Eprint = {1402.2657},
	Journal = {JHEP},
	Pages = {146},
	Primaryclass = {hep-ph},
	Reportnumber = {MIT-CTP-4531, DCPT-14-24, IPPP-14-12},
	Slaccitation = {%%CITATION = ARXIV:1402.2657;%%},
	Title = {{Soft Drop}},
	Volume = {05},
	Year = {2014},
	Bdsk-Url-1 = {https://doi.org/10.1007/JHEP05(2014)146}}

@misc{theta,
	Author = {Ott, Jochen},
	Title = {\textsc{Theta}---{A} framework for template-based modeling and inference},
	Url = {http://www-ekp.physik.uni-karlsruhe.de/\~ott/theta/theta-auto},
	Year = {2010},
	Bdsk-Url-1 = {http://www-ekp.physik.uni-karlsruhe.de/%5C~ott/theta/theta-auto}}

@article{Figueredo:2009dg,
	Author = {Figueredo, A.~J. and Wolf, P. S.~A.},
	Doi = {https://doi.org/10.1007/s12110-009-9068-2},
	Journal = {Human Nature},
	Pages = {317-330},
	Title = {Assortative pairing and life history strategy -- a cross-cultural study},
	Volume = {20},
	Year = {2009},
	Bdsk-Url-1 = {https://doi.org/10.1007/s12110-009-9068-2}}

@misc{Hao:gidmaps:2014,
	Author = {Hao, Z. and AghaKouchak, A. and Nakhjiri, N. and Farahmand, A},
	Howpublished = {\emph{figshare} \url{http://dx.doi.org/10.6084/m9.figshare.853801}},
	Title = {Global integrated drought monitoring and prediction system ({GIDMaPS}) data sets},
	Year = {2014}}

@article{Delphes,
	Archiveprefix = {arXiv},
	Author = {{de Favereau, J. and Delaere, C. and others}},
	Collaboration = {The DELPHES 3 Collaboration},
	Date-Modified = {2018-11-22 10:45:01 +0100},
	Doi = {10.1007/JHEP02(2014)057},
	Eprint = {1307.6346},
	Journal = {JHEP},
	Pages = {057},
	Primaryclass = {hep-ex},
	Title = {{DELPHES 3: a modular framework for fast simulation of a generic collider experiment}},
	Volume = {02},
	Year = {2014},
	Bdsk-Url-1 = {https://doi.org/10.1007/JHEP02(2014)057}}

@booklet{JetSubstructureECFA2014,
	Author = {{ATLAS Collaboration}},
	Title = {Jet subsctructure at very high luminosity},
	Url = {https://twiki.cern.ch/twiki/bin/view/AtlasPublic/JetSubstructureECFA2014},
	Bdsk-Url-1 = {https://twiki.cern.ch/twiki/bin/view/AtlasPublic/JetSubstructureECFA2014}}

@booklet{ATL-PHYS-PUB-2018-028,
	Author = {{ATLAS Collaboration}},
	Howpublished = {{ATL-PHYS-PUB-2018-028}},
	Title = {{Search prospects for resonant Higgs boson pair production in the
    $b\bar{b}b\bar{b}$ final state with large-radius jets from pp collisions at the HL-LHC}},
	Url = {http://cdsweb.cern.ch/record/2646889},
	Year = {2018},
	Bdsk-Url-1 = {http://cdsweb.cern.ch/record/2646889}}

@booklet{ATL-PHYS-PUB-2017-002,
	Author = {{ATLAS Collaboration}},
	Howpublished = {{ATL-PHYS-PUB-2017-002}},
	Title = {{Study on the prospects of a $t\bar{t}$ resonance search in events with one lepton at a High Luminosity LHC}},
	Url = {https://cds.cern.ch/record/2243753},
	Year = {2017},
	Bdsk-Url-1 = {https://cds.cern.ch/record/2243753}}

@booklet{CERN-LHCC-2017-018,
	Author = {{ATLAS Collaboration}},
	Howpublished = {CERN-LHCC-2017-018. ATLAS-TDR-027},
	Title = {{Technical Design Report for the ATLAS LAr Calorimeter Phase-II Upgrade}},
	Url = {http://cds.cern.ch/record/2285582},
	Year = {2017},
	Bdsk-Url-1 = {http://cds.cern.ch/record/2285582}}

@article{Aad:2015fna,
	Archiveprefix = {arXiv},
	Author = {{ATLAS Collaboration}},
	Collaboration = {ATLAS},
	Doi = {10.1007/JHEP08(2015)148},
	Eprint = {1505.07018},
	Journal = {JHEP},
	Pages = {148},
	Primaryclass = {hep-ex},
	Reportnumber = {CERN-PH-EP-2015-090},
	Slaccitation = {%%CITATION = ARXIV:1505.07018;%%},
	Title = {{A search for $ t\overline{t} $ resonances using lepton-plus-jets events in proton-proton collisions at $ \sqrt{s}=8$ TeV with the ATLAS detector}},
	Volume = {08},
	Year = {2015},
	Bdsk-Url-1 = {https://doi.org/10.1007/JHEP08(2015)148}}

@article{Aaboud:2018juj,
	Archiveprefix = {arXiv},
	Author = {{ATLAS Collaboration}},
	Collaboration = {ATLAS},
	Doi = {10.1016/j.physletb.2018.03.036},
	Eprint = {1801.07893},
	Journal = {Phys. Lett. B},
	Pages = {327},
	Primaryclass = {hep-ex},
	Reportnumber = {CERN-EP-2017-340},
	Slaccitation = {%%CITATION = ARXIV:1801.07893;%%},
	Title = {{Search for $W' \rightarrow tb$ decays in the hadronic final state using pp collisions at $\sqrt{s}=13$ TeV with the ATLAS detector}},
	Volume = {781},
	Year = {2018},
	Bdsk-Url-1 = {https://doi.org/10.1016/j.physletb.2018.03.036}}

@article{pythia8,
	Archiveprefix = {arXiv},
	Author = {{T. Sj{\"o}strand, S. Mrenna, and P.~Z. Skands}},
	Doi = {10.1016/j.cpc.2008.01.036},
	Eprint = {0710.3820},
	Journal = {Comput.~Phys.~Commun.},
	Pages = {852},
	Primaryclass = {hep-ph},
	Title = {{A brief introduction to PYTHIA 8.1}},
	Volume = {178},
	Year = {2008},
	Bdsk-Url-1 = {https://doi.org/10.1016/j.cpc.2008.01.036}}

@article{Ball:2012cx,
	Archiveprefix = {arXiv},
	Author = {{R.~D.~Ball et al.}},
	Doi = {10.1016/j.nuclphysb.2012.10.003},
	Eprint = {1207.1303},
	Journal = {Nucl. Phys. B},
	Pages = {244-289},
	Primaryclass = {hep-ph},
	Reportnumber = {EDINBURGH-2012-08, IFUM-FT-997, FR-PHENO-2012-014, RWTH-TTK-12-25, CERN-PH-TH-2012-037, SFB-CPP-12-47\, --CERN-PH-TH-2012-037},
	Slaccitation = {%%CITATION = ARXIV:1207.1303;%%},
	Title = {{Parton distributions with LHC data}},
	Volume = {867},
	Year = {2013},
	Bdsk-Url-1 = {https://doi.org/10.1016/j.nuclphysb.2012.10.003}}

@article{AZNLO:2014,
	Archiveprefix = {arXiv},
	Author = {{ATLAS Collaboration}},
	Doi = {10.1007/JHEP09(2014)145},
	Eprint = {1406.3660},
	Journal = {JHEP},
	Pages = {55},
	Primaryclass = {hep-ex},
	Slaccitation = {%%CITATION = ARXIV:1406.3660;%%},
	Title = {{Measurement of the $Z/\gamma^*$ boson transverse momentum distribution in $pp$ collisions at $\sqrt{s}$ = 7 TeV with the ATLAS detector}},
	Volume = {09},
	Year = {2014},
	Bdsk-Url-1 = {https://doi.org/10.1007/JHEP09(2014)145}}

@article{Lai:2010vv,
	Archiveprefix = {arXiv},
	Author = {{H.-L.~Lai et al.}},
	Doi = {10.1103/PhysRevD.82.074024},
	Eprint = {1007.2241},
	Journal = {Phys. Rev.},
	Pages = {074024},
	Primaryclass = {hep-ph},
	Reportnumber = {MSUHEP-100707, SMU-HEP-10-10},
	Slaccitation = {%%CITATION = ARXIV:1007.2241;%%},
	Title = {{New parton distributions for collider physics}},
	Volume = {D82},
	Year = {2010},
	Bdsk-Url-1 = {https://doi.org/10.1103/PhysRevD.82.074024}}

@article{powheg1,
	Archiveprefix = {arXiv},
	Author = {{S. Alioli and P. Nason and C. Oleari and E. Re}},
	Date-Modified = {2018-11-22 10:45:46 +0100},
	Doi = {10.1007/JHEP06(2010)043},
	Eprint = {1002.2581},
	Journal = {JHEP},
	Pages = {043},
	Slaccitation = {%%CITATION = ARXIV:1002.2581;%%},
	Title = {{A general framework for implementing NLO calculations in shower Monte Carlo programs: the POWHEG BOX}},
	Volume = {06},
	Year = {2010},
	Bdsk-Url-1 = {https://doi.org/10.1007/JHEP06(2010)043}}

@article{powheg2,
	Archiveprefix = {arXiv},
	Author = {{S.~Frixione, P.~Nason, and G.~Ridolfi}},
	Doi = {10.1088/1126-6708/2007/09/126},
	Eprint = {0707.3088},
	Journal = {JHEP},
	Pages = {126},
	Reportnumber = {BICOCCA-FT-07-12, GEF-TH-19-2007},
	Slaccitation = {%%CITATION = ARXIV:0707.3088;%%},
	Title = {{A Positive-weight next-to-leading-order Monte Carlo for heavy flavour hadroproduction}},
	Volume = {09},
	Year = {2007},
	Bdsk-Url-1 = {https://doi.org/10.1088/1126-6708/2007/09/126}}

@article{Pumplin:2002vw,
	Archiveprefix = {arXiv},
	Author = {J. Pumplin et al.},
	Doi = {10.1088/1126-6708/2002/07/012},
	Eprint = {hep-ph/0201195},
	Journal = {JHEP},
	Pages = {012},
	Primaryclass = {hep-ph},
	Reportnumber = {MSU-HEP-011101},
	Slaccitation = {%%CITATION = HEP-PH/0201195;%%},
	Title = {{New generation of parton distributions with uncertainties from global QCD analysis}},
	Volume = {07},
	Year = {2002},
	Bdsk-Url-1 = {https://doi.org/10.1088/1126-6708/2002/07/012}}

@article{Skands:2010ak,
	Archiveprefix = {arXiv},
	Author = {Skands, Peter Zeiler},
	Doi = {10.1103/PhysRevD.82.074018},
	Eprint = {1005.3457},
	Journal = {Phys. Rev. D},
	Pages = {074018},
	Primaryclass = {hep-ph},
	Reportnumber = {MCNET-10-08, CERN-PH-TH-2010-113},
	Slaccitation = {%%CITATION = ARXIV:1005.3457;%%},
	Title = {{Tuning Monte Carlo Generators: The Perugia Tunes}},
	Volume = {82},
	Year = {2010},
	Bdsk-Url-1 = {https://doi.org/10.1103/PhysRevD.82.074018}}

@booklet{ATL-PHYS-PUB-2012-003,
	Author = {{ATLAS Collaboration}},
	Howpublished = {{ATL-PHYS-PUB-2012-003}},
	Title = {{Summary of ATLAS Pythia 8 tunes}},
	Url = {https://cds.cern.ch/record/1474107},
	Year = {2012},
	Bdsk-Url-1 = {https://cds.cern.ch/record/1474107}}

@article{SHERPA,
	Archiveprefix = {arXiv},
	Author = {{T.~Gleisberg et al.}},
	Doi = {10.1088/1126-6708/2009/02/007},
	Eprint = {0811.4622},
	Journal = {JHEP},
	Pages = {007},
	Primaryclass = {hep-ph},
	Reportnumber = {FERMILAB-PUB-08-477-T, SLAC-PUB-13420, ZU-TH-17-08, DCPT-08-138, IPPP-08-69, EDINBURGH-2008-30, MCNET-08-14},
	Slaccitation = {%%CITATION = ARXIV:0811.4622;%%},
	Title = {{Event generation with SHERPA 1.1}},
	Volume = {0902},
	Year = {2009},
	Bdsk-Url-1 = {https://doi.org/10.1088/1126-6708/2009/02/007}}

@booklet{ATLAS:prospectives_zprime,
	Author = {{ATLAS Collaboration}},
	Howpublished = {{ATL-PHYS-PUB-2013-003}},
	Title = {{Studies of Sensitivity to New Dilepton and Ditop Resonances with an Upgraded ATLAS Detector at a High-Luminosity LHC}},
	Url = {http://cds.cern.ch/record/1956733},
	Year = {2013},
	Bdsk-Url-1 = {http://cds.cern.ch/record/1956733}}

@article{Aaboud:2017buh,
	Archiveprefix = {arXiv},
	Author = {{ATLAS Collaboration}},
	Collaboration = {ATLAS},
	Doi = {10.1007/JHEP10(2017)182},
	Eprint = {1707.02424},
	Journal = {JHEP},
	Pages = {182},
	Primaryclass = {hep-ex},
	Reportnumber = {CERN-EP-2017-119},
	Slaccitation = {%%CITATION = ARXIV:1707.02424;%%},
	Title = {{Search for new high-mass phenomena in the dilepton final state using 36.1 fb$^{-1}$ of proton-proton collision data at $\sqrt{s}$ = 13 TeV with the ATLAS detector}},
	Volume = {10},
	Year = {2017},
	Bdsk-Url-1 = {https://doi.org/10.1007/JHEP10(2017)182}}

@article{Cowan:2010js,
	Addendum = {Erratum: \href{http://dx.doi.org/10.1140/epjc/s10052-013-2501-z}{Eur. Phys. J. C {\textbf{73}} (2013) 2501}},
	Archiveprefix = {arXiv},
	Author = {Cowan, Glen and Cranmer, Kyle and Gross, Eilam and Vitells, Ofer},
	Doi = {10.1140/epjc/s10052-011-1554-0},
	Eprint = {1007.1727},
	Journal = {Eur. Phys. J. C},
	Pages = {1554},
	Primaryclass = {physics.data-an},
	Title = {{Asymptotic formulae for likelihood-based tests of new physics}},
	Volume = {71},
	Year = {2011},
	Bdsk-Url-1 = {https://doi.org/10.1140/epjc/s10052-011-1554-0}}

@article{Caldwell:2008fw,
	Archiveprefix = {arXiv},
	Author = {{A.~Caldwell, D.~Kollar, and K.~Kroninger}},
	Doi = {10.1016/j.cpc.2009.06.026},
	Eprint = {0808.2552},
	Journal = {Comput. Phys. Commun.},
	Pages = {2197-2209},
	Primaryclass = {physics.data-an},
	Slaccitation = {%%CITATION = ARXIV:0808.2552;%%},
	Title = {{BAT: The Bayesian Analysis Toolkit}},
	Volume = {180},
	Year = {2009},
	Bdsk-Url-1 = {https://doi.org/10.1016/j.cpc.2009.06.026}}

@booklet{atlasperf,
	Author = {{ATLAS Collaboration}},
	Howpublished = {{in progress}},
	Title = {{Expected performance of the ATLAS detector at the HL-LHC}},
	Year = {2018}}

@booklet{ATLAS-CONF-2018-017,
	Author = {{ATLAS Collaboration}},
	Howpublished = {{ATLAS-CONF-2018-017}},
	Title = {{Search for a new heavy gauge boson resonance decaying into a lepton and missing transverse momentum in 79.8 fb$^{-1}$ of pp collisions at $\sqrt{s} = 13$~TeV with the ATLAS experiment}},
	Url = {https://atlas.web.cern.ch/Atlas/GROUPS/PHYSICS/CONFNOTES/ATLAS-CONF-2018-017/},
	Year = {2018},
	Bdsk-Url-1 = {https://atlas.web.cern.ch/Atlas/GROUPS/PHYSICS/CONFNOTES/ATLAS-CONF-2018-017/}}

@article{PERF-2013-03,
	Archiveprefix = {arXiv},
	Author = {{ATLAS Collaboration}},
	Doi = {10.1140/epjc/s10052-014-2941-0},
	Eprint = {1404.2240},
	Journal = {Eur. Phys. J. C},
	Pages = {2941},
	Primaryclass = {hep-ex},
	Reportnumber = {CERN-PH-EP-2014-040},
	Title = {{Electron reconstruction and identification efficiency measurements with the ATLAS detector using the 2011 LHC proton--proton collision data}},
	Volume = {74},
	Year = {2014},
	Bdsk-Url-1 = {https://doi.org/10.1140/epjc/s10052-014-2941-0}}

@article{PERF-2015-10,
	Archiveprefix = {arXiv},
	Author = {{ATLAS Collaboration}},
	Doi = {10.1140/epjc/s10052-016-4120-y},
	Eprint = {1603.05598},
	Journal = {Eur. Phys. J. C},
	Pages = {292},
	Primaryclass = {hep-ex},
	Reportnumber = {CERN-EP-2016-033},
	Title = {{Muon reconstruction performance of the ATLAS detector in proton--proton collision data at $\sqrt{s} = 13\;\mbox{TeV}$}},
	Volume = {76},
	Year = {2016},
	Bdsk-Url-1 = {https://doi.org/10.1140/epjc/s10052-016-4120-y}}

@article{Aaboud:2018jux,
	Archiveprefix = {arXiv},
	Author = {{ATLAS Collaboration}},
	Collaboration = {ATLAS},
	Eprint = {1807.10473},
	Primaryclass = {hep-ex},
	Reportnumber = {CERN-EP-2018-142},
	Slaccitation = {%%CITATION = ARXIV:1807.10473;%%},
	Title = {{Search for vector-boson resonances decaying to a top quark and bottom quark in the lepton plus jets final state in $pp$ collisions at $\sqrt{s}$ = 13 TeV with the ATLAS detector}},
	Year = {2018}}

@article{Read:2002hq,
	Author = {Read, Alexander L.},
	Doi = {10.1088/0954-3899/28/10/313},
	Journal = {J. Phys. G},
	Pages = {2693},
	Title = {{Presentation of search results: the $CL_S$ technique}},
	Volume = {28},
	Year = {2002},
	Bdsk-Url-1 = {https://doi.org/10.1088/0954-3899/28/10/313}}

@techreport{CMS-PAS-FTR-18-009,
	Author = {{CMS Collaboration}},
	Collaboration = {CMS},
	Institution = {CERN},
	Number = {CMS-PAS-FTR-18-009},
	Title = {{Search for ${\text{t}\overline{\text{t}}}$ resonances at the HL-LHC and HE-LHC with the Phase-2 CMS detector}},
	Type = {CMS Physics Analysis Summary},
	Url = {https://cds.cern.ch/record/xxxxxxx},
	Year = {2018},
	Bdsk-Url-1 = {https://cds.cern.ch/record/xxxxxxx}}

@article{BBLITE1,
	Author = {Barlow, Roger J. and Beeston, Christine},
	Doi = {10.1016/0010-4655(93)90005-W},
	Journal = {Comput. Phys. Commun.},
	Pages = {219},
	Reportnumber = {MAN-HEP-93-1},
	Slaccitation = {%%CITATION = CPHCB,77,219;%%},
	Title = {{Fitting using finite Monte Carlo samples}},
	Volume = {77},
	Year = {1993},
	Bdsk-Url-1 = {https://doi.org/10.1016/0010-4655(93)90005-W}}

@inproceedings{BBLITE2,
	Address = {{CERN,Geneva, Switzerland}},
	Archiveprefix = {arXiv},
	Author = {Conway, J. S.},
	Booktitle = {{Proceedings, PHYSTAT 2011 Workshop on Statistical Issues Related to Discovery Claims in Search Experiments and Unfolding}},
	Doi = {10.5170/CERN-2011-006.115},
	Eprint = {1103.0354},
	Month = {{January}},
	Pages = {115},
	Primaryclass = {physics.data-an},
	Slaccitation = {%%CITATION = ARXIV:1103.0354;%%},
	Title = {Incorporating nuisance parameters in likelihoods for multisource spectra},
	Year = {2011},
	Bdsk-Url-1 = {https://doi.org/10.5170/CERN-2011-006.115}}

@misc{YRsys,
	Note = {Recommendations for Systematic Uncertainties HL-LHC},
	Url = {https://twiki.cern.ch/twiki/bin/view/LHCPhysics/HLHELHCCommonSystematics},
	Bdsk-Url-1 = {https://twiki.cern.ch/twiki/bin/view/LHCPhysics/HLHELHCCommonSystematics}}

@article{Harris:2011ez,
      author         = "Harris, Robert M. and Jain, Supriya",
      title          = "{Cross Sections for Leptophobic Topcolor Z' Decaying to
                        Top-Antitop}",
      journal        = "Eur. Phys. J.",
      volume         = "C72",
      year           = "2012",
      pages          = "2072",
      doi            = "10.1140/epjc/s10052-012-2072-4",
      eprint         = "1112.4928",
      archivePrefix  = "arXiv",
      primaryClass   = "hep-ph",
      reportNumber   = "FERMILAB-FN-0940-CMS-PPD",
      SLACcitation   = "%%CITATION = ARXIV:1112.4928;%%"
}

@article{Harris:1999ya,
      author         = "Harris, Robert M. and Hill, Christopher T. and Parke,
                        Stephen J.",
      title          = "{Cross-Section for Topcolor $Z^{\prime}_t$ Decaying to
                        $t\bar{t}$}",
      year           = "1999",
      eprint         = "hep-ph/9911288",
      archivePrefix  = "arXiv",
      primaryClass   = "hep-ph",
      reportNumber   = "FERMILAB-FN-0687, CDF-ANAL-EXOTIC-PUBLIC-5064",
      SLACcitation   = "%%CITATION = HEP-PH/9911288;%%"
}

@article{Helsens:2642473,
      author        = "Helsens, Clement and Jamin, David and Selvaggi, Michele",
      title         = "{Search for high-mass resonances at FCC-hh}",
      month         = "Oct",
      year          = "2018",
      url           = "https://cds.cern.ch/record/2642473",
}

@article{Mangano:2016jyj,
      author         = "Mangano, M. L. and others",
      title          = "{Physics at a 100 TeV pp Collider: Standard Model
                        Processes}",
      journal        = "CERN Yellow Report",
      year           = "2017",
      number         = "3",
      pages          = "1-254",
      doi            = "10.23731/CYRM-2017-003.1",
      eprint         = "1607.01831",
      archivePrefix  = "arXiv",
      primaryClass   = "hep-ph",
      reportNumber   = "CERN-TH-2016-112, FERMILAB-FN-1021-T",
      SLACcitation   = "%%CITATION = ARXIV:1607.01831;%%"
}
